3046 5096
472 415 507 453 nn
526 415 624 455 uinum
643 399 769 466 23‚17‚r
1051 395 1089 454 89

15 539 16 542 ’
124 527 241 591 locasse
266 525 308 591 ad
332 527 491 594 Casinum
517 526 598 603 (Liv.
615 518 750 604 baala
768 529 803 592 in
820 527 906 604 loco,
924 537 1022 610 quem
1037 533 1126 591 trac·

122 641 222 699 tanus
254 653 364 713 nunc,
389 640 506 701 extant
529 635 634 702 verba
659 646 701 705 ex
736 636 854 719 quibus
890 633 974 699 illud
1003 653 1125 700 neces-

124 744 203 807 sario
219 742 382 829 sequitur,
400 742 495 807 haec:
519 731 703 820 Hannibal,
718 737 855 807 Acerris
873 739 1012 827 direptis
1026 747 1124 825 atque

123 851 274 929 incensis,
300 869 380 915 cum
403 867 425 916 u
451 849 582 916 Castico
605 850 814 916 dictatorem
829 849 1036 926 Romanum,
1051 846 1126 934 eto.)

14 939 15 948 ἵ
121 958 294 1024 Marcellus
332 949 441 1024 autem
477 949 519 1022 ad
555 955 746 1024 Suessulam
784 954 983 1022 consederat
1020 953 1125 1042 (Lir.

120 1062 275 1152 23,17‚3).
289 1065 394 1130 Erant
411 1065 525 1151 igitur:
540 1064 680 1130 dictator
697 1059 740 1128 ad
756 1063 928 1141 Casinum3
944 1053 1128 1128 Marcellus

121 1171 159 1236 ad
180 1171 395 1262 Suessulamg
411 1169 555 1257 denique
571 1167 775 1256 praesidium
798 1189 940 1256 parvum
970 1186 1079 1254 nuper
1110 1170 1130 1234 'a

122 1281 213 1346 nohis
231 1286 525 1346 commemoratum
541 1278 693 1344 Casilini.
710 1277 795 1353 Quid
813 1283 1014 1343 censeamus
1037 1295 1129 1341 nunc

122 1387 267 1454 facturos
282 1386 388 1452 luisse
405 1386 505 1451 duces
521 1385 704 1462 Romanoa,
724 1403 800 1451 curn
818 1404 949 1470 semper
966 1385 1001 1448 in
1025 1384 1128 1448 rebus

121 1493 268 1560 adversis
292 1501 456 1572 strenuos,
483 1499 553 1560 turn
571 1495 772 1579 praesertim
790 1493 851 1558 tali
867 1491 986 1557 habitu
1002 1492 1130 1557 animo·

122 1603 212 1668 ruini
236 1602 398 1687 Equidem
422 1601 527 1668 dicam
551 1601 616 1667 hoc
632 1602 693 1666 tihi
710 1621 810 1687 quam
829 1602 974 1666 maxime
991 1599 1131 1666 adseve-

121 1717 247 1789 ranter,
274 1710 337 1774 etsi
360 1709 422 1774 hcc
446 1728 512 1773 non
536 1708 688 1773 historici
712 1716 827 1795 aperte
853 1704 1010 1785 tradunt,
1037 1706 1130 1772 sede

121 1817 214 1880 Livio
238 1835 326 1882 nunc
351 1815 481 1880 demum
506 1815 602 1880 nobis
626 1821 677 1880 est
700 1814 898 1880 eruendum.
1139 1895 1141 1899 Α

163 1923 275 2009 Capua
299 1930 372 1990 erat
395 1923 540 1988 maxima
564 1943 584 1987 a
607 1925 714 1990 Roma
738 1923 819 1988 urbs
843 1923 975 1987 ltaliae:
1002 1936 1044 1985 ex
1066 1930 1130 2007 quo

121 2051 159 2095 ea
183 2033 217 2094 in
241 2030 399 2095 ditionem
423 2029 752 2115 Carthaginiensium
772 2031 876 2108 venit,
902 2028 989 2093 nihil
1014 2035 1131 2094 tanto-

120 2159 198 2223 pere
222 2137 441 2204 elaborarunt
462 2139 626 2215 Romani,
653 2157 751 2224 quarn
777 2144 811 2204 ut
835 2153 875 2202 ea
901 2138 1023 2201 iterum
1047 2137 1132 2221 poti-

120 2253 249 2325 rentur,
276 2245 308 2309 id
333 2244 419 2332 quod
443 2244 510 2309 illis
534 2245 647 2330 paucis
671 2250 745 2329 post
767 2245 866 2309 annis
899 2243 1032 2309 demum
1055 2263 1132 2308 suc-

120 2355 232 2419 cessit.
260 2353 374 2438 Capua
398 2358 508 2418 autem
533 2351 641 2417 media
665 2352 794 2417 iacente
818 2353 908 2417 iuter
940 2350 1130 2418 Suessulam

13 2471 14 2476 ’
120 2461 176 2526 ubi
200 2461 382 2526 Marcellus
400 2459 606 2538 consederat,
633 2466 665 2525 et
689 2459 875 2524 Casilinum
894 2460 949 2525 ubi
970 2460 1129 2544 exiguum

119 2567 201 2633 illud
235 2567 437 2654 praesidium
471 2567 611 2632 militum
645 2565 876 2633 Romanorum
915 2567 1129 2644 constiterat,

119 2696 230 2740 nonne
253 2684 349 2762 putes
366 2675 467 2740 duces
483 2675 653 2741 Romanos
671 2682 703 2740 et
718 2677 948 2742 Romanorum
964 2673 998 2738 in
1024 2675 1132 2741 Cam·

117 2785 217 2869 pania
241 2789 369 2868 partem
395 2785 482 2848 inter
507 2783 599 2848 sede
625 2802 663 2848 eo
688 2783 893 2860 convenisse,
911 2789 947 2847 ut
971 2780 1132 2847 celeriter
1242 2777 1245 2784 “

119 2891 264 2956 dictator
287 2892 330 2956 M.
349 2891 463 2956 Iunius
488 2891 673 2959 Casilinum
690 2890 753 2954 iter
775 2889 906 2954 faceret
929 2907 1030 2975 seque
1056 2907 1131 2954 cum

118 3001 185 3065 isto
208 2997 374 3084 praesidio
399 3001 626 3084 coniungeret,
643 2998 869 3082 continuoque
893 2995 1048 3084 deinceps
1065 2995 1129 3062 Ca·

13 3095 14 3106 ’
118 3126 217 3193 poam
236 3127 255 3171 a
272 3105 400 3171 duabus
423 3107 573 3193 partibus
588 3105 667 3170 hinc
684 3104 882 3181 Marcellus,
903 3103 1005 3169 illinc·
1016 3103 1132 3172 lunius

118 3216 207 3280 Pera
231 3213 497 3302 aggrederetur?

166 3321 210 3387 At
233 3324 329 3387 sicuti
352 3322 505 3399 Romani,
527 3341 614 3409 'quos
631 3322 738 3386 virtus
755 3321 954 3407 praesertim
971 3320 1128 3388 Marcelli

13 3431 14 3434 ’
119 3427 164 3494 ad
176 3448 267 3515 spem
281 3431 397 3496 salutis
411 3449 512 3517 aegre
526 3431 668 3515 primum
682 3436 847 3508 erexerat,
858 3434 974 3514 postea
983 3429 1078 3514 quasi
1087 3427 1130 3493 ad

118 3557 243 3604 noram
266 3538 375 3604 lucem
398 3537 619 3625 aspiciendam
636 3545 867 3614 revocaverat,
887 3538 1020 3603 naviter
1037 3556 1126 3601 nunc

119 3647 293 3712 fortunam
305 3647 386 3712 belli
399 3652 560 3732 temptare
575 3666 649 3712 sese
661 3647 838 3732 parabant,
855 3645 901 3711 ita
915 3651 947 3710 et
960 3643 1131 3711 Hannibal

119 3760 241 3821 contra
252 3755 431 3820 nitebatur.
443 3753 714 3820 Fundamentum
725 3761 757 3819 et
768 3753 925 3819 columen
934 3757 1007 3818 erat
1021 3751 1135 3839 Capua

121 3865 196 3927 eius
209 3864 244 3926 in
259 3862 356 3928 ltalia
369 3863 505 3939 virium,
517 3861 600 3927 adeo
614 3861 821 3946 utdeinceps
836 3860 973 3926 fortuna
987 3859 1137 3938 eius,Ca-

120 3989 187 4055 pua
204 3988 295 4034 anno
312 3990 345 4033 u.
365 3991 393 4034 c.
413 3969 552 4034 DXLlll
568 3987 684 4032 rursus
699 3967 890 4033 aRcmanis
904 3971 1008 4054 capta,
1023 3969 1134 4032 statim

121 4073 164 4144 ad
176 4059 331 4143 occasum
345 4082 510 4162 uergeret.
521 4070 922 4162 Quemadmodumigitur
934 4075 1022 4140 inter
1034 4073 1135 4142 duces
