3046 5096
364 395 400 452 52
609 408 645 450 uu
664 407 802 458 rourrsus
820 407 878 456 τιτι
898 407 956 448 mvi
974 393 1001 458 2,
1014 392 1075 448 1-20

334 547 356 602 e
376 519 498 592 deinde
521 538 650 600 mense,
674 540 774 606 quam
797 519 839 588 ab
863 518 1070 606 Carthagine
1092 519 1262 608 profectus
1287 523 1348 600 sit,

332 654 350 690 «
375 629 412 694 in
435 627 566 694 Italiam
590 627 783 714 pervenisse
808 651 826 687 »
860 625 919 714 (ci.
946 624 1064 711 Polyb.
1100 625 1241 712 3‚5o,3).
1278 628 1353 696 Se-

333 736 448 824 quitur
482 732 601 801 deinde
635 733 883 819 argumentatio
916 731 1078 818 quaedam
1112 733 1216 818 ipsius
1244 732 1347 800 Livii:

338 869 355 903 α
379 843 470 918 Quae
494 842 523 908 si
547 841 593 907 ita
617 846 704 918 sunt,
730 838 804 906 fieri
827 857 895 905 non
919 839 1035 926 potuit,
1052 844 1090 906 ut
1105 839 1143 906 P.
1162 839 1347 908 Cornelius

335 975 354 1012 ‹
376 950 427 1016 Ti.
453 939 670 1036 Sempronius
694 947 852 1014 consules
876 946 1014 1024 fuerint,
1032 944 1075 1011 ad
1090 967 1173 1033 quos
1195 953 1228 1012 et
1243 947 1348 1033 prin-

335 1081 353 1118 «
376 1057 461 1143 cipio
484 1054 741 1144 oppugnationis
764 1052 867 1140 legati
882 1052 1057 1140 Saguntini
1073 1053 1164 1120 missi
1180 1054 1256 1132 sint,
1272 1059 1340 1134 etc,

334 1190 352 1226 e
376 1163 434 1251 (of.
459 1164 533 1231 Liv.
558 1161 676 1243 21,6‚a
699 1159 803 1250 seqq.)
829 1187 847 1223 »

420 1272 482 1340 IV.
508 1270 581 1338 Liv.
606 1269 696 1348 alr.
722 1269 786 1336 Hic
809 1287 939 1354 quoque
963 1273 1040 1334 sunt
1063 1285 1168 1353 pauca
1186 1261 1338 1335 dicenda.

331 1379 533 1448 Provinciae
557 1379 645 1444 enim
670 1383 704 1443 et
725 1377 841 1462 copiae
863 1377 952 1442 inter
975 1375 1129 1443 consules
1153 1383 1341 1444 narrantur

229 1567 232 1575 g
332 1489 480 1555 divisae:
504 1485 624 1572 quihus
658 1486 694 1549 in
729 1483 829 1549 rebus
865 1483 943 1550 fons
977 1482 1161 1570 pristinus,
1186 1488 1224 1550 ut
1258 1484 1341 1550 alibi

332 1596 445 1673 docui,
480 1593 527 1682 (1)
560 1593 702 1659 fuerunt
732 1591 868 1658 decreta
901 1588 1045 1658 Senatus
1083 1591 1338 1670 Romanorum

331 1721 531 1788 quamquam
555 1700 673 1767 Livius
689 1696 731 1764 ad
746 1700 817 1783 ipsa
837 1697 972 1764 decreta
996 1697 1191 1784 confugisse
1206 1703 1346 1765 nonest

332 1807 504 1876 dicendus.
529 1805 574 1894 (2)
600 1807 729 1872 Auctor
745 1806 818 1890 quis
835 1805 940 1871 fuerit
956 1825 999 1870 ex
1016 1805 1129 1892 quoin
1146 1804 1210 1872 hoc
1233 1806 1344 1890 capite

240 1909 243 1916 ’
335 1916 451 1982 Livius
474 1914 651 2000 sumpserit
674 1933 840 2000 quaerere
864 1933 907 1978 ne
930 1932 1032 1980 conor
1054 1911 1216 2000 {quidem
1241 1933 1344 1998 quum

333 2024 483 2088 universi
507 2021 683 2088 annalium
712 2021 895 2106 scriptores
924 2019 1028 2086 hasce
1062 2039 1118 2085 res
1150 2021 1348 2089 necessario

332 2130 527 2216 exposuisse
550 2126 741 2194 videantur.

421 2237 464 2304 V.
491 2236 566 2303 Liv.
592 2233 687 2313 XXI,
710 2231 804 2299 7-15.
829 2233 1041 2302 Describitur
1068 2234 1212 2321 Sagunti
1242 2251 1346 2323 oppu-

338 2344 461 2430 gnatio.
487 2343 607 2418 Causa,
632 2361 693 2408 cur
716 2340 875 2427 Polybius
891 2341 1005 2428 paucis
1023 2341 1252 2409 tantummodo
1266 2363 1344 2408 ver·

334 2453 385 2516 bis
421 2469 493 2532 rem
528 2449 765 2516 memoraverit
800 2445 933 2536 (3,17,4.
972 2446 1193 2537 3,17,18-10),
1229 2457 1344 2536 aperta

332 2556 459 2645 patebit
486 2556 680 2641 cuicumque
704 2559 737 2621 et
761 2555 847 2620 ratio
880 2554 1097 2622 historiarum
1132 2555 1264 2642 Polybii
1298 2559 1343 2624 sit

332 2669 519 2752 perspecta.
546 2662 695 2747 Namque
720 2682 867 2728 summus
885 2662 941 2729 hic
957 2662 1141 2730 historicus
1157 2678 1212 2729 res
1229 2669 1341 2750 gestas

334 2792 401 2837 non
413 2771 532 2836 hahuit
543 2771 576 2834 in
592 2788 684 2834 more
697 2788 812 2834 earum
827 2769 975 2855 ipsarum
989 2790 1091 2836 causa
1104 2774 1271 2858 persequi,
1283 2773 1341 2838 sed

336 2880 455 2964 potius,
479 2882 518 2943 ut
539 2876 737 2942 historicum
762 2876 871 2953 docet,
896 2895 1011 2942 eorum
1036 2897 1138 2944 causa
1170 2899 1256 2965 quae
1285 2900 1341 2946 ras

337 2989 448 3071 gestas
465 2984 619 3069 consequi
636 2989 898 3049 consueverunt:
922 2990 1127 3050 narraturus
1142 2986 1256 3073 itaque
1271 2986 1343 3051 bel·

334 3092 405 3157 lum
428 3091 591 3156 Punicum
609 3090 804 3166 secundum,
822 3110 878 3155 res
893 3096 1006 3176 gestas
1022 3091 1225 3160 Hamilcaris
1242 3100 1342 3179 atque

335 3196 559 3264 Hasdrubalis
584 3197 619 3262 in
642 3196 805 3283 Hispania
829 3197 944 3282 paucis
968 3198 1197 3266 tantummodo
1229 3201 1342 3265 verbis

336 3305 456 3390 attigit,
480 3310 515 3369 at
536 3302 628 3369 bella
651 3303 851 3369 Hannibalis
875 3311 993 3370 contra
1010 3304 1154 3372 Olcades
1170 3306 1343 3373 Vaccaeos

336 3419 370 3478 et
393 3413 601 3498 Carpetanos
626 3411 708 3476 satis
731 3411 829 3498 plene
865 3413 1054 3491 enarravit,
1091 3421 1185 3481 ratus
1218 3415 1346 3480 scilicet

336 3520 382 3585 ita
404 3519 479 3587 fore
502 3525 537 3586 ut
560 3518 668 3586 lector
684 3519 787 3606 probe
802 3518 981 3586 doceretur
996 3542 1017 3587 a
1035 3521 1153 3608 quibus
1174 3522 1344 3588 Hannibal

336 3699 549 3713 w

373 3803 411 3872 (1)
430 3803 461 3859 ln
479 3803 559 3860 Actis
577 3805 664 3860 acad.
684 3805 768 3876 Lync.
787 3820 849 3859 ann.
872 3806 936 3861 1881
958 3807 988 3864 in
1007 3809 1148 3879 prooemio
1167 3809 1346 3864 dissertatio·

336 3895 380 3948 nis
393 3911 465 3968 quas
477 3895 650 3951 inscribitur:
674 3897 817 3950 Tentotico
831 3897 862 3950 di
875 3899 972 3950 critica
984 3900 1029 3950 sui
1042 3899 1139 3968 luoqbi
1152 3899 1275 3963 Liviani,
1289 3902 1345 3954 etc·

372 3985 411 4052 (2)
430 3983 460 4038 ld
479 3983 608 4055 sequitur
625 4001 661 4040 ox
679 3983 716 4039 iis
735 4001 806 4056 quae
825 3984 855 4040 iu
874 3985 957 4056 capit.
976 3985 998 4040 Ι.
1018 3984 1063 4043 111.
1082 3987 1131 4042 lv.
1156 3985 1193 4041 V.
1212 3987 1344 4044 laudatas

337 4073 418 4132 modo
437 4072 642 4130 dissertationis
659 4073 809 4150 explicavi.
