3046 5096
342 1019 415 1101 Ao
448 1019 750 1102 carentum
782 1009 893 1117 nrt

459 1543 645 1609 CAPUT
681 1544 822 1608 VIL‘

205 1879 230 1943 I.
267 1879 413 1945 Carmen
449 1884 499 1944 est
526 1878 560 1943 in
593 1878 820 1944 Mamurram
856 1879 917 1944 sub
951 1873 1129 1945 Mentuloe

120 1985 251 2052 nomine
274 1986 513 2069 vituperatum,
539 1987 574 2049 in
597 2005 695 2069 quem
720 1990 751 2048 et
775 2004 912 2050 carmen
940 1984 984 2051 29
1008 1992 1041 2050 et
1065 1986 1128 2050 alia

120 2092 291 2177 complura
313 2110 398 2175 quae
421 2096 538 2156 nostra
560 2091 751 2177 legentibus
776 2092 856 2156 satis
880 2097 957 2157 sunt
980 2097 1069 2156 nota.

162 2198 200 2262 ln
223 2216 291 2261 uno
321 2203 416 2261 sexto
440 2196 620 2281 eodemque
644 2203 812 2280 postremo
847 2198 1007 2263 carminis
1030 2216 1131 2262 versu
1206 2232 1209 2242 ·

11 2285 12 2294 ¹
121 2310 198 2370 sunt
210 2322 295 2388 quae
307 2322 380 2368 mea
393 2302 524 2387 quidem
537 2306 702 2370 sententia
717 2304 887 2369 etiamtum
901 2303 1130 2369 emendatione

11 2427 12 2432 ¹
120 2410 291 2495 aliquanto
315 2409 537 2500 probabiliore
561 2418 710 2488 careant,
729 2411 828 2475 immo
852 2417 985 2496 egeant.
1008 2411 1131 2478 Cetera

121 2515 237 2582 melius
259 2505 399 2581 fuerunt
424 2516 612 2594 emendata,
630 2518 692 2581 etsi
709 2536 776 2582 non
798 2535 904 2602 aeque
927 2519 961 2581 in
977 2512 1131 2582 omnibus

119 2625 194 2710 pari
218 2622 380 2688 felicitate
404 2627 482 2688 sunt
498 2623 605 2688 critici
627 2624 767 2689 versati.
783 2623 894 2696 Quare
910 2622 1002 2688 haud
1017 2622 1076 2688 abs
1094 2644 1132 2688 re

122 2732 186 2795 erit
209 2731 354 2794 omnium
370 2731 523 2814 primum,
539 2735 719 2815 antequam
736 2730 778 2795 ad
794 2731 898 2795 verba
912 2748 997 2817 quae
1011 2749 1133 2815 expen-

11 2849 12 2852 ’
123 2834 202 2902 dere
227 2836 358 2901 institui
380 2837 532 2915 veniam,
569 2856 668 2922 quam
691 2838 886 2903 brevissime
916 2837 1075 2904 lectiones
1100 2841 1133 2902 in

123 2941 291 3008 codicibus
312 2941 452 3008 traditas
469 2944 648 3028 inspicere,
666 2949 765 3029 atque
784 2943 1033 3009 emendationes
1050 2963 1135 3031 quae

123 3068 212 3113 nunc
224 3050 369 3114 omnium
383 3051 550 3116 sententia
565 3049 755 3135 probabiles
768 3050 926 3117 videntur
941 3053 976 3116 in
990 3049 1133 3116 medium

123 3153 255 3221 afferre.
282 3158 398 3241 Itaque
421 3158 529 3240 prima
545 3158 704 3222 carminis
720 3159 825 3224 verba
841 3159 890 3223 sio
905 3157 1068 3224 exhibent
1080 3177 1132 3222 co·

123 3263 212 3329 dices
237 3246 381 3328 omnium
406 3263 518 3348 optimi
542 3265 695 3329 Datanus
720 3270 754 3330 et
776 3265 938 3330 Laurenti
962 3261 1130 3329 Santonii:

125 3371 297 3437 Firmano
321 3371 445 3436 sotius:
469 3391 530 3456 pro
554 3389 619 3456 quo
643 3372 723 3436 olim
747 3373 782 3435 in
806 3371 940 3448 Aldina,
958 3371 1025 3436 levi
1049 3370 1136 3435 litte-

123 3497 240 3542 rarum
263 3477 449 3542 mutatione
473 3476 574 3554 facta,
601 3477 761 3562 scriptum
777 3477 842 3541 fuit
863 3478 1012 3561 firmano
1028 3478 1134 3550 saltu,

123 3603 223 3668 quam
247 3582 510 3648 emendationem
534 3582 689 3670 deinceps
705 3582 892 3669 probarunt
907 3581 1052 3648 editores
1068 3580 1137 3666 ple-

124 3693 221 3774 rique
243 3692 408 3767 Muretus,
434 3689 578 3771 Statius,
604 3691 769 3770 Vossius,
793 3690 872 3766 alii,
899 3708 1029 3754 summa
1052 3708 1137 3754 oon-

125 3797 249 3863 cordia.
274 3797 479 3882 Quamquam
502 3817 583 3864 vero
599 3796 770 3883 Scaligero
786 3797 910 3883 placuit
925 3795 1137 3862 Formianos

124 3905 236 3970 soltus
261 3902 451 3991 (propteroa
475 3904 561 3990 quod
584 3904 738 3971 Formiae
759 3910 856 3971 erant
878 3906 959 3970 urbs
983 3906 1136 3971 Mamur-

125 4029 251 4088 rarum,
268 4016 354 4076 teste
370 4011 519 4078 Horatio
544 4010 617 4078 Sat.
638 4009 779 4098 1,5,37),
803 4012 1008 4096 posteriores
1024 4019 1135 4076 tamen

126 4116 169 4183 ad
191 4117 364 4184 Firmano
386 4120 492 4197 saltu,
518 4117 656 4184 ducibus
681 4117 866 4196 codicibus,
892 4120 1023 4185 reversi
1046 4123 1132 4182 sunt.
