3046 5096
358 419 394 458 ns
416 418 550 458 rourrnus
567 419 624 458 riri
643 418 703 460 arvi
722 401 766 468 21,
779 405 840 458 1-20
1038 405 1070 460 81

105 531 253 610 1,26‚56:
283 554 299 592 «
324 529 362 599 C.
391 531 565 598 Gracchus
601 531 729 596 multis‘
743 529 839 612 dixit,
877 537 914 598 ut
949 502 1138 621 scriptum

108 663 123 699 a
144 640 227 726 apud
251 638 395 706 eundern
422 638 576 706 Caelium
601 645 660 717 est,
678 639 742 703 sibi
758 641 793 704 in
808 639 945 705 somniis
965 688 1107 709 .......

25 803 26 816 ,
105 770 120 805 «
143 746 282 812 fratrem
307 746 416 810 uisum
442 765 514 810 esse
530 795 673 810 .......
702 746 767 811 hoc
799 752 978 831 antequam
1001 746 1108 826 tribu·

25 879 26 892 κ
101 873 201 917 «nus
227 855 272 939 pl.
300 851 338 917 (l.
364 853 538 919 Gracchus
572 852 679 916 lactus
707 859 795 917 esset
830 858 863 917 et
897 873 933 918 se
971 851 1106 918 audisse

25 1037 26 1040 Ἴ
100 984 114 1018 «
139 961 251 1026 scribit
277 959 412 1026 Caelius
437 965 469 1023 et
493 959 585 1023 illum
610 959 735 1025 dixisse
759 956 896 1045 multis.)
917 978 954 1034 »;
981 957 1109 1026 floruit-

25 1089 26 1112 ἦ
98 1087 156 1150 que
173 1069 276 1152 igitur
294 1067 474 1153 Antipater
490 1073 621 1132 mortuo
638 1067 780 1151 Polybio
797 1069 939 1152 eiusque
953 1067 1106 1133 historisss

97 1175 242 1240 omnibus
268 1175 333 1240 iam
359 1175 472 1239 notis:
499 1173 547 1237 nil
572 1173 694 1238 mirum
712 1175 741 1238 si
758 1174 799 1237 iis
822 1192 902 1238 usus
928 1179 991 1250 est,
1010 1193 1108 1259 prae-

98 1283 205 1345 sertim
242 1302 342 1366 quum
380 1281 563 1346 historicus
601 1281 750 1347 Graecus
774 1286 888 1347 tantus
925 1283 978 1346 uir
1003 1287 1106 1360 esset,

98 1408 259 1472 quumque
284 1389 418 1454 Coelius
444 1390 549 1453 bonos
584 1393 739 1454 auctores
763 1389 915 1474 quamuis
942 1408 1009 1454 non
1030 1372 1106 1457 Βο-Ι

98 1515 206 1560 manos
232 1494 417 1561 adamaret.
443 1494 532 1559 Illud
556 1483 819 1580 quidern'prima
844 1497 952 1581 specie
984 1497 1105 1574 obstat,
1164 1568 1166 1574 ¹

98 1589 178 1685 quod
202 1602 319 1667 Cicero
336 1604 453 1668 scribit
469 1622 524 1667 res
549 1601 698 1693 Coelium
723 1623 766 1666 ex
782 1602 894 1668 Sileno
912 1604 1106 1690 sumpsisse,

98 1728 159 1771 non
185 1729 227 1772 en
251 1709 416 1794 Polybio:
448 1709 505 1774 sed
530 1710 638 1794 prima
662 1709 891 1775 tantummodo
917 1711 1036 1797 specie.

138 1815 300 1901 Equidem
324 1815 468 1881 concedo
498 1815 646 1880 Coelium
682 1816 842 1880 habuisse
879 1817 915 1880 in
952 1817 1107 1884 manibus

25 1907 26 1910 ¹
98 1920 195 1988 Sileni
221 1945 316 2008 opus;
344 1923 401 1989 sed
427 1944 486 1989 eur
510 1944 578 1988 non
602 1923 702 1988 etiam
726 1922 861 2008 Polybii
882 1944 976 2009 opus
995 1925 1109 1990 nouis-

98 2029 167 2093 simi
193 2033 340 2096 auctoris
367 2037 398 2096 et
424 2037 537 2097 tantae
573 2049 738 2116 personae
773 2030 867 2096 viri?
892 2030 985 2096 Adde
1021 2031 1108 2118 quod

97 2135 225 2202 Silenus
249 2160 305 2204 res
329 2139 459 2224 quidem
496 2139 696 2204 Hannibalis
733 2143 783 2203 est
817 2140 1108 2224 persecutus-sed

97 2265 158 2310 non
183 2266 238 2312 res
263 2247 466 2312 Hamilcaris
492 2254 591 2334 atque
614 2248 860 2326 Hasdrubalis3
894 2249 927 2312 in
962 2269 1102 2333 quorum

96 2353 193 2437 igitur
209 2353 309 2418 rebus
325 2354 506 2419 narrandis
524 2353 674 2421 Silenum
696 2377 764 2421 non
782 2363 832 2422 est
848 2355 997 2442 profecto
1019 2351 1104 2422 Coe-

99 2459 159 2524 lius
171 2467 319 2526 secutus.
332 2460 396 2526 Sed
407 2483 448 2526 ne
464 2463 608 2527 inbellis
622 2463 754 2549 quidem
767 2462 1006 2537 describendis
1018 2481 1105 2548 quae

98 2567 266 2632 Hannibal
292 2575 408 2633 contro
432 2569 592 2646 Olcades
620 2573 794 2638 Vaccaeos
831 2577 863 2635 et
900 2569 1107 2654 Carpetanos

97 2676 207 2758 gessit,
235 2674 329 2739 illum
355 2676 437 2740 mihi
462 2676 595 2741 uidetur
620 2685 754 2743 secutus
769 2697 866 2756 esse:
894 2682 1001 2740 statue
1019 2678 1107 2740 enirn

98 2783 227 2858 Coelius
251 2803 331 2847 usus
348 2783 454 2849 fuerit
471 2783 595 2862 Sileno,
612 2786 775 2871 Polybius
793 2785 849 2849 rel
866 2783 981 2850 eodem
994 2782 1107 2848 Sileno

97 2890 146 2954 uel
170 2889 278 2955 Sosilo
302 2891 358 2955 vel
382 2912 590 2976 quocumque
615 2893 701 2971 alio;
730 2913 774 2958 an
806 2912 921 2958 censes
953 2890 1026 2956 fieri
1052 2913 1108 2976 po·

96 2999 211 3074 tuisse,
238 3005 275 3062 ut
299 3019 341 3064 ex
366 3000 488 3077 multis,
514 3019 599 3083 quae
624 2999 751 3065 Sosilus
778 2999 981 3082 Silenusque
1007 2998 1109 3065 tradi·

97 3103 225 3181 derant,
251 3107 411 3193 Polybius
435 3113 467 3172 et
491 3107 624 3172 Coelius
643 3107 757 3172 eadem
774 3112 956 3181 sumerent
977 3111 1108 3193 sumpta

97 3210 214 3278 deinde
239 3212 321 3279 adeo
347 3215 380 3278 in
405 3215 547 3280 eundem
570 3232 685 3279 rerum
715 3214 866 3279 ordinem
898 3212 1104 3299 digererent,

25 3321 26 3324 ’
96 3326 139 3397 ut,
164 3325 339 3406 postquam
366 3323 479 3385 Liuius
498 3329 630 3386 secutus
647 3321 751 3386 suerit
768 3322 930 3398 Coelium,
949 3320 1108 3404 Polybius

96 3436 127 3490 et
150 3428 268 3494 Livius
291 3449 358 3493 non
382 3429 478 3495 modo
503 3431 536 3494 in
560 3429 661 3496 rebus
687 3431 777 3495 inter
801 3450 837 3494 se
863 3429 1105 3505 consentirent,

95 3535 212 3600 sedin
238 3535 357 3600 ordine
383 3537 451 3622 ipso
474 3556 587 3600 rerum
612 3544 828 3602 narratarum
854 3533 1106 3618 congruerent?

95 3641 199 3707 Nemo
226 3642 259 3707 id
284 3645 446 3719 censebit,
473 3645 529 3728 qui
554 3645 685 3730 quidem
703 3643 847 3711 absurda
867 3643 991 3708 sectari
1009 3643 1103 3708 nolit.

99 3752 215 3835 ltaque
241 3749 349 3816 iudico
375 3752 504 3816 Livium
528 3752 663 3829 ant-20
692 3752 844 3818 hausisse
868 3770 911 3814 ex
934 3751 1118 3836 prooemio,

94 3861 204 3943 operis
229 3855 396 3935 Coeliani,
422 3859 572 3924 Coelium
604 3843 730 3936 autern,
762 3865 936 3944 quotenus
959 3857 1109 3943 oeslc'pz'o

93 3964 238 4048 Potyou·
264 3967 363 4048 opud
386 3967 531 4032 Liuium
555 3967 873 4060 deprehenduntur,
891 3985 934 4030 ex
957 3965 1108 4030 historiis

93 4071 247 4160 Polybii3
273 4070 377 4156 donec
401 4074 609 4152 Patavinus‚
647 4093 666 4140 a
704 4074 819 4140 Coelio
856 4075 927 4160 ipso
963 4072 1108 4139 fortasse

1002 4215 1019 4268 6
