3046 5096
410 437 446 493 56
631 449 668 492 nx
685 449 823 492 nonninus
843 450 901 492 riri
919 449 978 490 nim
997 435 1042 502 21,
1056 435 1123 490 1·20

376 562 475 628 sicuti
497 560 619 627 Hanno
634 563 788 648 princeps
800 562 984 628 nobilitatis
999 566 1082 639 erat,
1098 559 1283 648 principem
1299 561 1390 626 Bar-

375 669 474 735 cinae
497 668 653 735 factionis
677 669 785 736 inisse
807 671 973 736 existimo,
999 668 1144 754 Arrepta
1167 674 1390 734 autemocca-

376 776 469 841 sione
491 794 608 840 moneo
631 776 759 862 aliquot
781 765 856 863 post
879 777 976 842 annis
1000 774 1142 841 eundem
1165 775 1384 851 Hannonem,

377 882 616 968 Carthaginem
651 884 770 949 nuntio
805 882 991 950 Cannensis
1026 901 1158 968 pugnae
1181 881 1294 960 allato,
1317 882 1388 948 sibi

376 995 582 1055 constantem
610 989 809 1075 praedicare
838 1009 906 1056 non
937 989 1115 1068 destitisse,
1152 988 1384 1078 (Liv.23,12‚

376 1094 527 1186 8seqq.)
560 1096 687 1163 bellum
722 1097 895 1168 exitiabile
930 1095 1278 1183 Carthaginiensibus,
1315 1115 1389 1162 non

375 1203 536 1269 Romanis
558 1204 643 1270 iore.
681 1204 777 1282 Quod
800 1205 829 1270 si
852 1203 930 1290 quid
953 1202 995 1270 ad
1018 1203 1128 1270 fontes
1152 1203 1240 1290 quod
1262 1204 1388 1270 attinet

376 1309 1387 1398 indagandumvidetur,haecomniaconsentaneumestolim

377 1419 553 1504 scripsisse
576 1418 654 1485 ante
687 1419 838 1504 reliquos
870 1421 1044 1488 Romanos
1075 1437 1214 1496 omnes,
1243 1417 1386 1484 Fabium

376 1527 559 1604 Pictorem,
584 1526 778 1611 aequalem,
804 1527 877 1593 loco
900 1526 1078 1611 conspicuo
1102 1531 1232 1603 natum,
1257 1529 1392 1590 senato-

376 1635 428 1699 rio
451 1633 593 1718 aliisque
616 1633 801 1700 honoribus
825 1633 961 1699 summis
985 1630 1267 1708 florentissimum,
1293 1631 1391 1698 ideo·

378 1759 442 1826 que
458 1740 612 1824 peritum,
631 1740 660 1804 si
683 1741 757 1824 quis
777 1738 876 1816 alius,
903 1735 1017 1804 rerum
1037 1745 1070 1804 et
1083 1739 1228 1825 partium
1243 1737 1393 1807 Cartha·

378 1827 589 1932 giniensium.
624 1844 692 1912 Nec
729 1853 841 1913 tamen
878 1846 1026 1912 arbitror
1049 1844 1179 1912 Livium
1209 1865 1252 1910 ex
1282 1843 1392 1910 Fabio

378 1956 450 2038 ipso
463 1973 525 2019 sua
542 1955 762 2040 expressisse:
781 1971 916 2019 eausam
933 1959 1043 2019 autem
1061 1971 1122 2018 cur
1138 1953 1182 2016 ita
1199 1952 1393 2017 existimem

376 2059 482 2126 habes
498 2063 533 2126 in
550 2061 591 2127 iis
608 2081 694 2145 quae
710 2060 805 2127 modo
819 2059 1144 2126 animadvertebam:
1161 2059 1284 2124 Fabius
1298 2061 1395 2124 enim

380 2170 496 2235 Pictor
519 2169 692 2253 utriusque
718 2167 805 2254 apud
837 2167 1137 2254 Carthaginienses
1167 2168 1282 2251 partis,
1307 2169 1393 2231 item

377 2275 552 2358 utriusque
569 2275 674 2359 partis
691 2275 849 2360 principis
875 2275 1075 2340 mentionem
1099 2273 1221 2338 fecerit
1243 2291 1389 2338 necesse

378 2385 439 2458 est,
453 2379 481 2444 si
497 2378 594 2446 modo
611 2379 679 2460 das,
697 2402 773 2447 eum
788 2382 891 2447 hasce
907 2401 962 2446 res
980 2381 1141 2467 attigisse.
1158 2378 1390 2458 Quamobrem

377 2485 522 2552 dixerim
546 2486 678 2573 quidem
702 2488 840 2554 Dionem
853 2488 1002 2555 Cassium
1017 2487 1150 2554 aFabio
1166 2492 1272 2554 totum
1295 2505 1391 2553 esse:

377 2593 449 2682 (qui
475 2595 535 2661 Dio
557 2595 679 2660 harum
702 2615 817 2662 rerum
841 2598 984 2662 omnium
1007 2595 1210 2660 mentionem
1231 2592 1391 2680 profecto

378 2701 468 2780 fecit,
489 2707 530 2767 ut
551 2707 641 2788 patet
675 2723 717 2769 ex
748 2705 871 2770 Zonar.
906 2701 1003 2768 modo
1034 2701 1151 2780 allato,
1180 2701 1391 2784 Dionemque

378 2805 520 2896 secuto),
539 2807 598 2875 sed
616 2829 684 2876 non
697 2810 837 2888 Livium,
851 2810 907 2895 qui
920 2811 949 2875 si
966 2809 1001 2874 in
1014 2808 1079 2875 hoc
1092 2809 1169 2875 loco
1185 2827 1261 2874 eum
1276 2807 1392 2894 perle-

378 2917 491 3001 gisset,
504 2915 638 3002 plenius
661 2917 772 2983 omnia
788 2923 822 2982 et
836 2917 944 3004 plura,
969 2914 1245 3003 quemadmodum
1261 2922 1295 2980 et
1309 2915 1390 2992 llio,

321 3063 327 3078 ·
378 3022 600 3090 tradidissset.

463 3129 524 3196 lx.
549 3131 623 3198 Liv.
647 3129 702 3209 21,
713 3129 765 3210 19,
775 3111 881 3198 6-20.'
889 3129 1025 3209 Eadem,
1040 3149 1126 3214 quae
1142 3148 1250 3216 nuper
1264 3127 1389 3196 obser-

377 3237 547 3316 vabamus‚
573 3243 650 3303 sunt
671 3237 726 3304 hic
748 3237 900 3306 dicenda.
929 3238 1062 3330 ¹Narrat
1085 3237 1199 3303 Livius
1228 3236 1392 3321 quemad-

378 3343 510 3410 modum
532 3344 635 3430 legati
665 3345 902 3423 Romanorum,
926 3344 1017 3410 bello
1046 3343 1391 3429 Carthaginiensibus

378 3451 515 3531 indicto,
540 3442 735 3538 Hispaniam
760 3458 793 3517 et
816 3452 959 3519 Galliam
983 3451 1255 3538 peragraverint,
1282 3452 1312 3516 si
1331 3471 1395 3536 po-

379 3559 473 3646 pulos
489 3559 663 3646 utriusque
685 3558 847 3644 regionis,
865 3563 957 3624 tanto
981 3558 1176 3634 imminente
1192 3557 1294 3638 bello,
1311 3577 1397 3643 pos-

380 3671 455 3732 sent
476 3666 512 3732 iu
535 3666 727 3754 societatem
742 3665 970 3734 Romanorum
996 3665 1172 3753 perlicere,
1197 3667 1249 3734 siu
1273 3665 1394 3732 minus

380 3791 435 3837 eos
458 3772 574 3838 saltem
596 3778 795 3839 averteroa
824 3773 970 3842 Poenis:
996 3771 1083 3858 quod
1112 3773 1240 3840 trustra
1274 3775 1395 3842 conati

361 3882 469 3944 suni.
492 3878 590 3958 Rem,
623 3899 708 3966 quae
731 3878 818 3966 apud
841 3880 1017 3966 Polybium
1041 3877 1277 3961 desideratur,
1307 3899 1394 3946 nar·

379 3985 661 4072 raveritoportet
690 3986 815 4054 Fabius
838 3984 974 4054 Pictor:
1009 3991 1181 4053 senatores
1215 3986 1305 4052 enim
1335 4007 1395 4054 co-

379 4091 587 4182 gnoscebant
607 4112 693 4178 quae
715 4093 820 4180 legati
843 4092 1006 4162 afferrent
1028 4093 1144 4183 (legati
1166 4087 1306 4166 munere
1321 4093 1393 4163 sibi
