3164 5104
541 401 578 440 aa
599 401 752 441 sarnanum
771 387 816 452 66,
827 386 862 440 59
1137 386 1172 440 33

184 520 270 579 sunt
292 511 392 579 hodie
413 531 544 588 versus,
568 512 658 596 iique
681 512 718 575 in
740 512 903 598 principio
931 509 1005 576 fere
1030 512 1199 588 carminis,

182 617 245 685 isti
263 641 270 684 t

348 813 396 882 ἠδὲ
417 812 519 870 Κόνων
542 812 655 890 ἔβλεψεν
677 813 705 870 ἐν
726 811 783 893 ἠέρι
804 811 851 870 τόν
873 811 1014 892 Βερενίκης
1073 870 1075 875 ,

355 909 515 990 βόστρυχον,
536 909 566 968 ὃν
588 908 662 980 κείνη
685 917 766 967 πᾶσιν
788 908 866 980 ἔθηκε
887 913 967 973 θεοῖς.

181 1125 245 1211 qui
269 1143 389 1209 magno
415 1123 549 1208 quidem
573 1126 650 1190 usui
684 1123 821 1190 fuerunt
852 1125 886 1188 in
915 1122 1120 1189 emendando
1144 1122 1206 1188 Ca-

181 1230 272 1295 tullo
295 1229 372 1307 66,7
398 1249 492 1315 seqq.
519 1227 565 1317 (v,
589 1231 610 1293 7
633 1249 694 1316 pro
718 1248 757 1296 eo
781 1229 867 1314 quod
891 1228 1020 1294 codices
1043 1228 1206 1314 praebent

180 1339 225 1401 ia
246 1337 391 1402 numine
413 1323 543 1421 requiri
566 1336 701 1402 ridetur
719 1337 758 1402 ia
782 1338 926 1413 lamiae,
945 1354 1046 1421 quum
1063 1336 1205 1402 caelesti

179 1446 224 1509 in
248 1445 383 1510 lamiae
405 1443 527 1508 melius
552 1442 674 1509 reddat
697 1443 856 1529 graecum
879 1450 906 1507 ἐν
927 1447 996 1531 ἠέρι.
1028 1443 1072 1508 V.
1098 1440 1120 1505 9
1143 1459 1204 1526 pro

179 1570 224 1616 eo
247 1549 333 1635 quod
355 1549 487 1624 codices
511 1549 677 1636 praebent
700 1550 860 1627 dearum,
884 1549 1061 1635 Hauptius,
1080 1547 1203 1612 collato

179 1676 308 1743 graeco
323 1667 395 1728 θεοῖς
411 1655 583 1722 intellexit
608 1656 845 1741 corrigendum
864 1653 944 1721 'esse
960 1652 1122 1742 alcoram)
1145 1652 1204 1718 sed

175 1763 275 1828 nobis
297 1762 384 1826 nihil
405 1761 563 1848 prodesse
586 1768 735 1847 possunt.

227 1869 266 1933 In
295 1870 443 1934 carmine
475 1869 644 1934 caesaries
678 1869 819 1954 reginae
851 1869 1030 1933 Berenices
1060 1869 1200 1952 loquens

178 1974 366 2051 inducitur,
392 1974 566 2060 refertque
589 1995 663 2040 cum
689 1976 757 2040 alia
780 1976 898 2051 multa,
916 1979 986 2038 tum
1003 1973 1104 2040 etiam
1127 1991 1200 2037 sea

175 2082 309 2166 regina,
335 2099 417 2164 rege
442 2080 483 2146 ad
506 2081 632 2147 bellum
656 2081 828 2167 profecto,
858 2081 1012 2146 omnibus
1035 2079 1143 2156 divis,
1170 2079 1198 2142 si

174 2189 236 2253 vir
259 2188 437 2254 incolumis
462 2186 629 2264 rediisset,
653 2193 767 2253 votam
791 2189 943 2274 primum,
961 2185 1091 2264 deinde,
1109 2184 1198 2251 dam·

176 2301 262 2359 nata
285 2295 354 2360 voti
377 2295 508 2379 regina,
533 2294 573 2359 iis
597 2294 729 2372 datam,
759 2300 858 2380 atque
876 2295 918 2358 in
941 2294 1106 2379 gremium
1129 2293 1197 2358 Ve-

174 2401 275 2465 neris
299 2401 478 2480 sublatam,
504 2420 523 2465 a
548 2400 609 2467 dea
633 2401 791 2467 continuo
807 2402 898 2466 inter
918 2399 1031 2466 sidera
1053 2399 1197 2466 relatam

172 2507 309 2584 fuisse,
348 2515 412 2575 etc.
451 2510 574 2576 Cetera
610 2527 695 2595 quae
730 2509 898 2574 caesaries
924 2525 1027 2593 porro
1051 2526 1195 2574 narrare

171 2616 288 2700 pergit
316 2615 384 2680 huc
417 2634 485 2680 non
516 2614 667 2694 faciunt,
695 2615 763 2696 ¹sed
797 2620 874 2680 sunt
908 2611 1128 2700 expendenda
1164 2619 1197 2678 et

172 2721 304 2785 trutina
327 2720 501 2806 pensanda
524 2721 630 2788 verba
653 2723 725 2809 ipsa
750 2721 892 2799 Catulli,
917 2722 974 2786 ubi
998 2739 1093 2786 coma
1117 2740 1196 2785 con·

172 2827 369 2892 versionem
393 2829 446 2893 sui
470 2829 505 2892 in
529 2827 620 2893 sidus
644 2834 891 2894 commemorat:
910 2829 1061 2905 dicans
1084 2845 1196 2892 aurea

172 2951 308 2999 corona
330 2951 376 3000 ea
399 2934 591 3002 Ariadneis
615 2935 832 3019 temporibus
854 2936 951 3018 foret
984 2935 1058 3018 daca
1080 2933 1195 2999 sciara

175 3089 363 3106 ......
386 3041 396 3104 ’.
426 3091 433 3104 .
461 3086 468 3101 .
494 3041 531 3106 ia
553 3041 657 3108 cario
683 3042 818 3107 lamiae
841 3041 942 3119 caeli,
967 3039 1029 3105 sed
1045 3036 1114 3126 (at)
1130 3057 1194 3104 nos

173 3163 326 3230 qaoque,
341 3147 494 3212 eocaoiao
511 3147 659 3215 devotae
680 3149 771 3232 placi
787 3148 944 3225 comicia,
957 3147 1192 3233 salpereiaas,

166 3254 300 3336 posuit
321 3272 386 3329 aaa,
409 3254 595 3332 cedentem,
620 3255 807 3321 uvidulam
831 3275 854 3321 a
875 3255 1040 3340 tietmari
1063 3253 1193 3336 templa

169 3357 292 3436 deam,
317 3360 419 3426 sidus
442 3379 573 3427 accam
595 3361 634 3428 ia
656 3358 861 3448 (sideribus)
892 3361 1065 3445 antiquie.
1093 3357 1193 3426 Nunc

169 3464 277 3530 velim
301 3465 344 3531 ad
367 3465 451 3544 illud
473 3467 624 3533 animum
650 3466 816 3545 advertas,
841 3466 930 3552 quod
953 3466 1033 3532 alibi
1054 3466 1191 3551 planius
1254 3516 1261 3535 .

169 3571 341 3657 explicavi
366 3571 451 3660 (cap.
474 3573 506 3639 Il
528 3576 561 3658 g.
585 3572 659 3661 IV),
685 3579 809 3661 quanto
845 3574 974 3640 scilicet
1004 3590 1105 3657 opere
1128 3571 1193 3636 Ca-

168 3676 278 3742 tullus
311 3678 423 3743 lusum
458 3680 639 3745 verborum
673 3678 886 3746 adamaverit
914 3679 950 3743 in
987 3675 1102 3743 eodem
1132 3677 1190 3741 vel

169 3785 325 3850 carmine
347 3785 403 3851 vel
426 3785 527 3851 etiam
550 3805 653 3852 versu
676 3788 892 3853 iteratorum:
917 3783 959 3851 ad
984 3783 1069 3851 illud
1091 3802 1192 3869 prae·

169 3896 281 3968 terea,
308 3893 343 3957 in
365 3893 479 3958 verbis
503 3893 599 3960 modo
630 3892 744 3959 allatis
772 3894 888 3960 solam
917 3912 985 3960 non
1014 3890 1190 3958 admodum

169 4005 251 4083 apte
264 3996 415 4064 adverbii
427 4000 501 4066 vice
514 3999 622 4085 fungi.
635 4000 726 4075 Quae
738 4020 838 4086 quum
852 4001 899 4067 ita
912 4000 990 4079 sint,
1004 4018 1101 4085 spero
1111 3997 1188 4068 iore

1065 4139 1082 4193 3
