3046 5096
375 387 382 403 ⁴
400 366 449 426 loo
720 384 756 422 ao
775 384 875 424 nivium
896 368 941 436 23,
954 367 1020 434 32,t

365 497 559 583 «legiones
583 496 617 562 in
642 501 753 560 castra
777 495 961 561 Claudiana
987 514 1087 582 supra
1111 494 1301 564 Suessulam
1321 498 1375 562 de·
1463 579 1468 592 ι

367 629 384 664 a
408 605 625 672 ducerentur.
652 605 747 681 Quae
771 604 816 668 ibi
840 603 990 688 legiones
1008 609 1118 669 essent
1136 601 1249 691 (erant
1266 611 1375 670 autem

366 740 384 775 e
408 713 597 779 Cannensis
621 711 765 776 maxime
789 709 987 798 exercitus),
1015 731 1073 776 eas
1105 710 1191 797 App.
1219 711 1377 777 Claudius

368 848 384 882 a
409 820 557 886 Pulcher
574 824 708 906 praetor
737 819 770 883 in
795 818 944 885 Stoiliam
969 818 1139 896 traiceret,
1165 840 1317 906 quaeque
1341 822 1376 884 in

365 957 381 988 ι
408 928 521 997 sicilia
546 931 647 1002 esset,
681 929 820 995 Romam
852 925 1125 1012 deponerentur.
1159 927 1211 992 Ad
1248 929 1377 993 exerci-

366 1065 383 1096 a
409 1037 558 1115 tum,cui
583 1034 624 1101 ad
648 1033 916 1101 conveniendum
941 1033 1039 1098 Cales
1064 1034 1172 1099 edicta
1197 1033 1265 1098 dies
1292 1041 1374 1116 erat,

368 1170 385 1205 α
408 1143 453 1210 M.
470 1142 628 1209 Claudius
642 1141 824 1207 Marcellus
838 1143 971 1218 missus,
987 1141 1081 1227 isque
1097 1142 1205 1206 iussus
1220 1143 1251 1205 in
1267 1149 1378 1207 castra

368 1283 385 1314 «
412 1254 597 1320 Claudiana
623 1249 787 1316 deducere
812 1249 959 1317 urbanas
983 1251 1144 1336 legiones.
1170 1274 1186 1309 »

409 1359 556 1440 assat
594 1380 683 1444 seqq.
721 1383 738 1418 «
771 1358 932 1424 Consules
971 1360 1141 1424 exercitus
1180 1358 1269 1422 inter
1307 1378 1379 1422 sese

365 1496 383 1529 «
409 1470 615 1536 diuiserunt.
642 1466 744 1532 Fabio
768 1467 939 1530 exercitus
963 1466 1077 1543 Teani,
1104 1465 1156 1531 cui
1190 1465 1235 1530 M.
1262 1465 1378 1531 lunius

368 1605 384 1638 «
412 1579 555 1645 dictator
569 1574 774 1662 praefuerat,
789 1576 910 1652 evenit;
928 1573 1380 1660 Sempronioruolouesque·

370 1712 387 1747 α
411 1689 536 1774 fierent
560 1690 593 1749 et
617 1684 782 1749 sociorum
799 1682 919 1768 viginti
943 1683 1089 1767 quinque
1114 1682 1223 1759 milia;
1246 1682 1291 1746 lt.
1310 1684 1381 1748 Va·

367 1821 383 1854 «
412 1794 496 1860 lerio
521 1793 669 1878 praetori
694 1791 853 1876 legiones,
880 1810 966 1874 quae
991 1810 1032 1855 ex
1057 1790 1169 1855 Sicilia
1201 1789 1377 1865 redissent,

366 1929 383 1963 ‹<
412 1903 589 1979 decretae;
617 1899 662 1966 M.
690 1897 851 1967 Claudius
876 1918 935 1983 pro
960 1887 1099 1963 consule
1124 1898 1165 1964 ad
1190 1887 1381 1972 eumexer·

299 1991 301 1996 ¹
367 2012 530 2087 «cilum,
569 2007 624 2093 qui
661 2025 761 2092 supra
792 2005 984 2072 Suessulam
1019 2005 1123 2071 Nolae
1158 2007 1378 2092 praesideret,

369 2143 386 2178 a
411 2118 531 2183 missus
547 2163 855 2181 .............
888 2114 932 2178 Et
954 2113 1083 2178 Rornae
1107 2114 1263 2178 consules
1289 2120 1378 2179 tran·

370 2252 387 2287 a
414 2225 515 2291 sactis
539 2223 653 2299 rebus
681 2241 766 2307 quae
791 2222 823 2286 in
848 2221 930 2286 urbe
954 2221 1106 2305 agendae
1131 2203 1239 2298 erant,
1266 2242 1380 2287 move·

368 2360 385 2393 «
410 2333 493 2398 liant
516 2331 583 2410 iam
606 2349 678 2394 sese
697 2328 738 2393 ad
761 2327 899 2393 bellum.
920 2328 1201 2416 Ti.Sempronius
1219 2331 1380 2396 militibus

347 2419 384 2501 ¹a
408 2439 600 2506 Sinuessam
625 2435 710 2500 diem
735 2433 777 2500 ad
801 2436 1068 2500 conveniendum
1093 2435 1220 2503 edixit.
1240 2489 1257 2503 ..
1278 2490 1283 2502 .
1302 2488 1309 2502 .
1328 2488 1334 2501 .
1353 2490 1381 2503 ..

365 2571 382 2607 a
408 2546 584 2614 Valerium
598 2550 787 2631 praetorem
804 2545 838 2608 in
854 2543 1009 2630 Apuliam
1025 2544 1074 2608 ire
1087 2544 1211 2630 placuit
1228 2545 1269 2611 ad
1286 2563 1382 2612 exer·

368 2683 384 2715 α
409 2655 513 2720 citum
548 2672 567 2718 a
606 2653 763 2717 Terentio
796 2650 1037 2737 accipiendum;
1074 2671 1149 2716 cnm
1185 2673 1227 2717 er
1265 2655 1382 2720 Sicilia

367 2762 559 2849 «legiones
584 2758 767 2835 venissent,
795 2758 834 2824 iis
860 2759 1069 2844 potissimum
1093 2761 1140 2824 uti
1165 2758 1206 2825 ad
1232 2763 1381 2847 regionis

366 2897 383 2929 «
410 2872 482 2937 eius
512 2866 732 2955 praesidium,
757 2867 996 2932 Terentianum
1031 2865 1261 2954 (Tarentum)
1294 2871 1382 2935 mitti

365 3005 381 3037 a
408 2997 482 3045 cum
507 2976 617 3061 aliquo
648 2976 849 3060 legatorum.
876 2974 917 3038 Et
947 2975 1066 3059 viginti
1098 2978 1245 3062 quinque
1275 2997 1381 3044 naves

366 3112 385 3147 e
407 3085 518 3164 datae,
544 3065 663 3169 quilius
688 3101 781 3147 oram
806 3082 1006 3146 maritimam
1030 3082 1119 3147 inter
1157 3084 1378 3150 Brundisium

369 3218 386 3255 e
411 3214 452 3260 ac
476 3196 659 3260 Tarentum
684 3190 787 3256 tutari
810 3194 933 3274 posset.
960 3192 1029 3254 Par
1054 3191 1191 3255 navium
1215 3212 1384 3258 numerus

368 3325 386 3360 «
410 3299 449 3374 Q.
469 3299 587 3364 Fulvio
611 3298 761 3384 praetori
785 3297 915 3362 urbano
940 3295 1095 3362 decretus
1121 3297 1163 3362 ad
1187 3299 1383 3364 suburbana

367 3408 510 3474 «litora
546 3404 700 3472 tutanda.
727 3403 763 3468 C.
791 3404 948 3470 Terentio
979 3407 1176 3490 proconsuli
1208 3410 1380 3491 negotium

367 3543 384 3578 e
409 3516 522 3582 datum
548 3514 642 3579 utin
666 3512 791 3580 Piceno
815 3531 898 3596 agro
930 3514 1207 3597 conquisitionem
1237 3517 1380 3584 militum

365 3649 382 3683 «
408 3623 549 3690 haberet
571 3621 719 3706 locisque
735 3619 788 3686 his
805 3619 969 3705 praesidio
987 3627 1087 3688 esset.
1107 3621 1149 3686 Et
1165 3623 1202 3689 T.
1222 3626 1377 3692 otacilius

368 3756 386 3791 e
412 3733 556 3799 Crassus
570 3775 697 3797 ......
723 3727 759 3793 in
776 3728 925 3796 Siciliam
943 3748 1016 3793 cum
1035 3730 1185 3815 imperi0,
1205 3732 1259 3818 qui
1279 3733 1381 3799 classi

365 3863 383 3898 a
409 3857 492 3926 prae
517 3843 615 3917 esset,
640 3837 775 3902 missus,
804 3861 820 3895 ›>
955 3823 957 3827 ’
1150 3866 1153 3870 ·

454 3944 498 4020 V.
523 3946 615 4030 Ergo
640 3950 714 4012 erat
737 3931 867 4013 Romae
888 3945 1001 4010 eadem
1037 3966 1121 4030 quae
1151 3946 1248 4033 paulo
1282 3956 1379 4015 antea

367 4055 591 4143 ingenuorum
611 4052 737 4139 inopia3
756 4051 838 4118 adeo
865 4058 900 4118 ut
924 4053 1065 4120 Romani
1089 4052 1245 4122 dederint
1259 4055 1298 4122 C.
1319 4057 1380 4123 Te·
