3046 5096
376 407 413 446 nn
432 405 569 446 ronrruus
587 405 645 444 τιτι
665 388 867 454 u1r12l,l-20
1054 383 1090 440 55

119 546 138 582 «
168 521 297 590 Caelius
322 521 356 583 in
379 519 415 583 I:
440 519 496 604 qui
520 538 593 583 oum
616 518 643 580 is
666 517 713 581 ita
728 513 845 580 foedus
869 514 974 578 icistis
1000 539 1017 575 »
1043 528 1127 597 quae

118 650 198 694 cum
211 627 323 694 iisdem
336 627 419 691 Livii
432 623 543 716 verbis
558 624 707 690 conferri
717 623 835 687 solent.
845 621 933 687 Sane
953 641 1013 708 per
1026 628 1130 686 totam

118 739 305 803 orationem
323 735 420 820 stilus
436 734 621 798 vehemens
646 731 773 796 redolet
796 731 941 796 fortasse
966 729 1139 803 Coelium,

119 848 181 930 qui
211 844 354 920 Coelius,
387 846 471 906 teste
501 841 636 918 Tullio,
667 840 827 904 maiorem
859 839 1019 903 historiae
1042 839 1132 902 vocis
1196 821 1199 828 ¹

123 972 245 1018 sonum
268 949 461 1025 addiderat;
487 947 546 1011 sed
571 947 655 1012 haec
679 951 756 1010 sunt
783 945 880 1010 nimis
916 945 1057 1008 incerta.
1082 943 1133 1009 Ad

122 1057 281 1142 mequod
303 1058 424 1122 attinet
450 1054 572 1120 vellem
589 1055 699 1138 potius
724 1054 909 1117 orationem
933 1051 1020 1116 hano
1044 1051 1135 1115 Han-

123 1167 222 1230 nonis
235 1184 300 1230 una
314 1161 526 1230 considerare
545 1182 619 1226 cum
636 1163 787 1226 oratione
804 1180 902 1244 quam
926 1159 1032 1224 habes
1049 1157 1136 1243 apud

119 1275 193 1338 Liv.
218 1271 297 1348 aba
320 1289 485 1356 quamque
509 1269 596 1334 idem
622 1270 746 1335 Hanno
770 1267 897 1332 frustra
914 1273 1032 1335 contra
1056 1267 1133 1330 illos

120 1381 244 1446 dicitur
279 1381 314 1465 iu
349 1378 473 1444 Senatu
509 1377 839 1460 Carthaginiensium
874 1375 1043 1450 habuisse,
1078 1375 1133 1462 qui

122 1507 262 1573 puerum
285 1485 505 1550 Hannibalem
529 1485 564 1547 in
590 1483 787 1566 Hispaniam
815 1481 856 1548 ad
891 1480 1135 1547 Hasdrubalem

123 1597 210 1659 mitti
232 1593 400 1658 volebant.
428 1593 589 1676 Princeps
614 1599 687 1655 erat
703 1593 822 1656 Hanno
840 1591 943 1676 partis
960 1591 1130 1668 nobilium,

124 1721 211 1788 quae
245 1721 323 1787 pars
362 1701 450 1785 parti
491 1698 736 1764 adversabatur
769 1699 1004 1783 popularium,
1042 1699 1136 1764 cuius

127 1815 227 1874 erant
250 1807 432 1882 Hamilcar,
457 1805 662 1882 Hasdrubal,
689 1812 788 1888 atque
812 1786 992 1870 Hannibal.

176 1917 239 1989 Qui
254 1915 407 1992 historici
422 1914 565 1978 Romani
582 1913 752 1996 potuerint
768 1918 833 1975 tam
849 1912 934 1984 bene
955 1913 1136 1978 resciscere

129 2043 185 2086 res
208 2029 299 2086 actas
324 2022 359 2084 io
384 2021 508 2086 Senatu
526 2020 867 2103 Carthaginiensium,
895 2022 959 2084 iam
976 2040 1042 2086 non
1064 2040 1139 2105 per·

131 2131 214 2216 spici
238 2130 331 2193 licet:
369 2147 423 2191 res
458 2127 603 2190 oratorie
641 2127 682 2191 ab
710 2127 880 2192 historicis
904 2129 1067 2194 Romanis
1096 2126 1138 2191 ad

130 2239 311 2322 factionem
328 2235 508 2298 Barcinam
525 2234 775 2318 vituperandam
804 2233 931 2299 fuerint
954 2239 1137 2300 exornatae

129 2351 275 2430 oportet3
300 2341 483 2408 notandum
508 2348 619 2406 autem
638 2341 721 2426 apud
739 2343 871 2407 Livium
887 2360 948 2407 nos
965 2341 1136 2428 adspicere
1157 2385 1158 2388 κ

129 2451 263 2538 quidem
298 2451 480 2536 principem
515 2451 614 2512 unius
645 2449 815 2526 factionis,
854 2450 912 2514 sed
940 2449 1134 2515 desiderare

129 2559 315 2644 principem
328 2556 512 2622 alteriusE
526 2559 698 2622 contrario
715 2557 800 2642 apud
813 2559 933 2622 Zonar.
953 2557 1029 2635 822
1041 2578 1138 2645 prae·

136 2675 190 2731 ter
213 2667 412 2730 Hannonem
437 2665 584 2729 occurrit
599 2664 787 2730 Hasdrubal
804 2665 946 2750 quidam,
965 2663 1011 2754 (l)
1028 2686 1138 2749 quem,

175 2880 212 2947 (l)
233 2878 312 2930 Haud
332 2879 389 2930 scio
408 2895 444 2932 an
462 2878 566 2932 frustra
585 2877 744 2933 laborantes
763 2879 874 2934 criticos
893 2897 927 2932 ex
946 2881 1063 2950 quadam
1075 2881 1146 2934 diffi-
1176 2881 1179 2896 ¹

135 2969 244 3023 cultata
262 2967 327 3020 hinc
346 2968 428 3020 facile
453 2968 580 3038 expedire
608 2970 721 3038 possim.
750 2971 851 3022 Omnes
877 2974 987 3022 veteres
1015 2976 1144 3026 auctores

133 3058 249 3112 tradunt
263 3057 445 3110 Hannibalem
458 3075 581 3128 puerum,
593 3075 626 3111 ex
641 3076 693 3128 quo
707 3059 751 3112 die
765 3057 795 3112 in
806 3059 967 3129 Hispaniam
986 3077 1048 3113 cum
1067 3066 1145 3130 patre

135 3147 254 3209 venerit,
269 3163 411 3218 nunquam
423 3151 520 3216 postea
530 3153 594 3200 ante
605 3149 714 3200 finitum
727 3148 831 3201 bellum
845 3150 995 3202 secundum
1008 3151 1145 3205 Punicum

136 3237 336 3305 Carthaginem
360 3237 494 3290 rediisse.
519 3238 594 3291 Idem
616 3239 704 3290 tradit
729 3237 834 3307 pluries
857 3238 953 3292 Livius
973 3239 1059 3304 (locos
1083 3241 1146 3296 vide

136 3329 208 3398 apud
228 3327 490 3381 Weissenbornium
509 3327 544 3378 ad
563 3327 623 3383 Liv.
642 3313 759 3392 21,3,2)
773 3327 938 3396 praesertim
951 3346 1015 3382 vero
1028 3329 1147 3397 30,37‚9

137 3436 154 3470 ‹<
174 3433 283 3481 novem,
309 3414 401 3486 inquit
427 3414 573 3477 Hannibal,
601 3432 735 3468 annorum
764 3431 780 3466 a
809 3416 888 3469 vobis
915 3417 1057 3486 profectus
1084 3421 1148 3487 post

140 3526 153 3558 u
174 3511 283 3560 sextum
303 3511 331 3559 et
349 3505 522 3559 tricesimum
541 3505 611 3557 redii
632 3525 644 3554 o
668 3504 721 3558 Sed
740 3505 770 3557 in
789 3522 821 3558 eo
834 3510 876 3560 est
898 3505 1053 3559 difficultas
1076 3506 1149 3577 quod

137 3597 211 3649 idem
230 3595 337 3656 Livius,
357 3599 505 3664 postquam
524 3595 681 3649 narraverit
694 3595 877 3648 Hannibalem
890 3611 906 3646 a
918 3602 997 3663 patre
1010 3597 1039 3649 in
1053 3595 1151 3664 Hispa-

137 3687 213 3739 niam
232 3685 347 3738 duotum
365 3685 483 3753 (21,l‚4.
502 3685 622 3750 2l,?,3),
639 3687 725 3740 refert
749 3703 811 3738 eum
829 3687 862 3740 ab
887 3686 1078 3754 Hasdrubale,
1103 3687 1152 3758 qui

138 3774 290 3829 Hamilcari
306 3775 343 3830 in
361 3774 503 3843 ⁸Hispania
530 3775 593 3827 dubi
619 3792 762 3829 successor
781 3775 844 3840 fuit,
869 3777 1035 3830 accersitum
1054 3778 1153 3842 fuisse,

141 3863 296 3934 quasinon
327 3861 357 3914 in
382 3861 516 3932 Hispania
546 3860 685 3916 Hannibal
715 3864 769 3916 iam
798 3864 905 3933 pridem
934 3869 1019 3918 esset.
1046 3867 1156 3934 (21,3,2

144 3951 252 4004 «Hunc
271 3950 383 4003 vixdum
396 3953 527 4021 puberem
547 3952 704 4004 Hasdrubal
726 3953 830 4006 litteris
849 3955 882 4006 ad
902 3971 931 4006 se
947 3955 1155 4020 accersierat»)

143 4041 189 4095 An
199 4039 334 4103 nonnulli,
344 4045 372 4092 et
381 4045 493 4110 propter
504 4058 551 4094 eos
563 4042 647 4094 etiam
657 4041 757 4104 Livius,
767 4059 828 4094 cum
840 4044 1013 4097 Hasdrubale
1024 4044 1155 4098 Senatore

145 4129 421 4197 Carthaginiensium
441 4135 592 4184 memorato
608 4146 624 4182 a
637 4131 744 4184 Zonara
758 4133 941 4186 confuderunt
956 4133 1155 4188 Hasdrubalem

148 4237 282 4292 generum
301 4220 469 4276 Hamilcaris
488 4223 660 4292 eundemque
679 4222 776 4276 ducem
796 4222 824 4275 in
844 4220 999 4292 Hispania?
