3046 5096
443 419 479 476 98
765 435 802 495 up
821 435 918 476 uinum
936 419 982 488 23,
993 415 1059 486 &l

408 546 558 625 tendum,
584 545 811 640 profectisque
834 548 875 612 ab
899 567 938 614 eo
962 553 1074 614 cetera
1091 552 1191 614 erunt
1213 549 1404 634 quaerenda,

408 673 493 742 quae
518 653 608 719 illius
630 655 696 719 viri
721 653 872 720 doctrina
896 674 964 730 non
994 653 1227 745 suppeditavit.
1254 655 1302 722 lic
1333 659 1406 725 mibi

407 780 505 848 saepe
521 761 685 828 miraculo
710 759 775 831 fuit
807 762 870 828 hoc
901 762 1062 828 editorem
1096 762 1171 828 Livi
1201 762 1408 832 Drakenbor-

408 868 519 935 cbium
544 868 682 956 fugisse,
700 869 735 934 iu
760 870 874 938 verbis
898 890 983 960 quae
1007 871 1078 956 ipse
1101 872 1304 937 restituisset
1320 873 1408 940 Sem·

399 977 537 1062 peonio
560 977 700 1042 colones
715 977 779 1071 qui
793 978 919 1059 sterent
935 975 1062 1062 aliquid
1081 980 1274 1045 necessario
1291 979 1405 1046 deesse.

408 1084 615 1175 Quicumque
629 1083 1407 1173 enimLiviumpervolutarunt,fierinonpotest
1491 1129 1492 1138 η

406 1196 525 1258 utnon
542 1190 844 1257 animadverterint
867 1193 1049 1258 Patavinus
1074 1213 1137 1280 quo
1165 1193 1262 1288 modo
1286 1215 1407 1282 quaque

407 1300 536 1392 ratione
564 1304 709 1384 exponat
732 1298 932 1366 divisionem
954 1301 1204 1384 prouinciarum
1222 1307 1255 1367 et
1279 1305 1408 1368 exerci-
1492 1376 1493 1395 χ

407 1413 511 1484 tuum,
530 1427 616 1493 quae
635 1409 770 1473 ineunte
798 1427 888 1472 anno
916 1407 950 1472 in
974 1406 1100 1475 Senatu
1123 1409 1274 1475 Romano
1304 1409 1405 1476 fiebat.
1492 1401 1493 1426 *

406 1516 555 1604 Namque
570 1515 719 1604 quotiens
736 1515 839 1581 alicui
851 1516 905 1580 vel
918 1516 1050 1582 consuli
1066 1516 1120 1580 vel
1136 1518 1334 1602 proconsuli
1360 1518 1409 1581 vel

406 1622 554 1707 praetori
567 1622 620 1688 vel
634 1623 845 1710 propraetori
855 1624 1039 1689 exercitum
1052 1621 1166 1687 datum
1181 1623 1288 1689 fuisse
1299 1625 1408 1690 Livius

408 1735 656 1807 commemorat,
671 1730 735 1796 hoc
747 1750 877 1816 quoque
894 1730 1019 1795 addere
1031 1731 1213 1797 historicus
1227 1734 1407 1811 consuevit,

405 1835 494 1926 unde
519 1839 705 1904 exercitum
729 1838 824 1904 illum
839 1839 984 1906 Romani
1001 1838 1174 1917 baberent,
1200 1840 1271 1904 sive
1288 1861 1347 1907 eae
1362 1861 1411 1904 ue·
1493 1889 1494 1904 ,

407 1951 497 2012 teres
522 1946 594 2012 sive
619 1966 679 2012 eae
701 1965 809 2012 novae
832 1945 981 2032 legiones
999 1951 1136 2011 essent:
1162 1947 1224 2011 hoc
1249 1954 1300 2012 est
1317 1949 1343 2014 si
1358 1968 1410 2012 ve·

408 2059 496 2120 teres
508 2061 627 2132 essent,
645 2054 779 2120 cuinam
796 2053 872 2118 duci
887 2055 1001 2140 priore
1015 2073 1105 2119 anno
1121 2055 1314 2142 paruissent
1335 2061 1364 2120 et
1380 2057 1409 2120 in

407 2181 472 2250 qua
487 2161 661 2250 provincia
685 2161 898 2242 militassent;
925 2161 952 2225 si
976 2167 1086 2228 autern
1104 2181 1221 2239 norae,
1240 2182 1304 2248 quo
1321 2161 1408 2228 modo

408 2275 472 2335 eta
489 2289 554 2354 quo
571 2266 833 2334 conscribendae
851 2274 971 2334 essent.
987 2267 1083 2334 Deest
1107 2268 1211 2352 igitur
1235 2269 1269 2334 in
1295 2269 1409 2334 verbis:

407 2374 615 2465 Sercprom'o
639 2377 777 2442 volones
800 2376 863 2460 qui
884 2377 1017 2462 (terent,
1044 2375 1112 2450 ubi,
1139 2381 1196 2440 aut
1215 2361 1238 2439 'a
1262 2396 1341 2462 quo,
1364 2396 1410 2440 vc
1494 2425 1495 2428 η

406 2483 504 2572 lones
529 2485 581 2550 isti
606 2483 683 2550 lecti
707 2481 845 2548 fuerint.

496 2595 558 2660 lV.
584 2592 701 2677 ltaque
724 2592 806 2655 mibi
831 2591 933 2676 longe
963 2590 1096 2677 lateque
1132 2591 1410 2677 circumspicienti

407 2699 606 2786 quibusnam
631 2719 691 2786 ego
717 2697 929 2768 adminiculis
953 2697 1022 2783 ipse
1046 2717 1098 2762 me
1123 2716 1165 2761 ex
1188 2696 1252 2762 ista
1277 2696 1411 2764 difficul-

407 2787 692 2894 tate'expedirem,
707 2807 779 2870 visa
796 2810 845 2869 est
863 2805 962 2882 litera
979 2803 1154 2890 quaedam,
1170 2824 1268 2889 quam
1287 2805 1410 2872 codices
1495 2865 1496 2878 ,

407 2915 569 3002 praebent
593 2933 758 3000 quamque
784 2911 984 2998 neglectam
996 2911 1100 2977 fuisse
1117 2930 1137 2976 a
1154 2909 1345 2978 doctoribus
1359 2912 1411 2976 mi-

408 3023 480 3087 rari
515 3041 584 3087 non
621 3020 761 3097 desino,
794 3020 885 3087 viam
921 3018 1003 3084 mihi
1036 3023 1248 3089 monstrare.
1287 3019 1410 3085 Etenim

409 3135 501 3195 extat
526 3130 561 3194 in
584 3129 765 3206 codicibus
782 3128 831 3192 uti
848 3147 955 3211 nuper
971 3126 1161 3203 innuebam,
1180 3125 1412 3212 Senaprem'or-

408 3237 617 3320 uotonesque
637 3237 780 3324 fierent3
805 3236 869 3300 hoc
887 3239 936 3299 est
952 3239 1046 3299 extat
1068 3257 1089 3299 r
1112 3235 1198 3298 iuter
1212 3233 1411 3318 Senrproaio

409 3350 441 3407 et
463 3345 624 3423 cotonea,
650 3342 746 3408 cuius
770 3341 906 3406 litterae
943 3360 1009 3405 non
1034 3341 1261 3406 meminerunt
1298 3342 1410 3416 critici,

408 3448 530 3518 nedum
569 3470 643 3518 earn
682 3449 944 3536 explicaverint.
985 3447 1080 3514 Nunc
1120 3467 1201 3512 uero
1237 3447 1265 3511 si
1299 3448 1339 3514 de
1378 3469 1411 3512 eo

408 3562 600 3646 quaeratur,
635 3557 732 3624 sicuti
764 3576 854 3621 nunc
890 3555 1095 3641 quaerimus
1129 3554 1209 3640 quid
1233 3553 1296 3620 sibi
1321 3557 1411 3622 litera

409 3667 472 3732 ista
496 3667 589 3743 velit,
616 3663 771 3752 quidnam
789 3663 956 3750 significet
971 3665 1037 3729 nisi
1054 3670 1113 3729 aut
1128 3663 1262 3730 Rectus
1278 3672 1337 3732 aut
1355 3665 1412 3730 lic·

407 3793 536 3841 monccs
551 3779 610 3840 aut
627 3772 719 3840 aliud
735 3771 813 3860 quid
831 3771 864 3837 id
881 3771 1002 3857 genus?
1016 3771 1100 3837 adde
1118 3771 1208 3857 quod
1221 3776 1289 3836 turn
1308 3772 1410 3837 omuia

406 3881 554 3966 apprime
570 3880 781 3971 convenient,
800 3878 827 3942 si
842 3878 935 3964 legas
951 3877 1038 3966 apud
1054 3875 1187 3944 Livium
1205 3878 1263 3942 ita.
1295 3902 1312 3938 ‹<
1332 3881 1412 3946 Con-

409 4010 426 4044 «
454 3986 541 4051 sules
565 3987 734 4052 exercitus
759 3987 847 4052 inter
871 4005 943 4050 sese
967 3984 1166 4051 diviserunt.
1195 3985 1299 4053 Fabio
1324 4005 1412 4054 exer-

409 4095 537 4162 «citus
572 4094 698 4173 Teani,
725 4094 778 4160 cui
814 4095 859 4160 M.
886 4093 1005 4159 Junius
1039 4093 1243 4180 praefuerat,
1277 4095 1406 4172 evenit,
