3164 5104
528 439 566 476 an
585 438 738 479 urrunnun
756 425 800 488 29,
815 425 849 477 20
948 433 952 443 ·
1127 429 1162 479 27

173 548 453 609 bulus‘columbus
474 554 525 608 aut
545 548 713 610 Adoneusl
732 581 773 594 -
793 549 922 610 Cinaede
952 550 1092 624 Romule,
1124 549 1197 610 haee

173 646 302 706 videbis
322 653 352 706 et
372 646 469 706 feresl
491 678 531 691 -
557 647 598 706 Es
619 648 786 725 impudicus
811 653 842 706 et
872 666 971 707 vorax
1002 655 1033 708 et
1060 647 1134 710 aleo.
1156 681 1198 695 -

174 746 267 804 Eone
287 746 404 804 nomine
425 746 592 823 imperator
606 747 694 806 unice
703 778 743 791 -
757 746 856 807 Fuisti
869 748 900 806 in
914 746 1021 807 ultima
1035 729 1197 808 occidentis

174 841 341 902 insula-
361 844 403 902 Ut
422 843 482 903 ista
511 849 616 904 rostra
647 842 786 904 defututa
815 843 953 904 Mentula
974 876 1015 888 -
1034 846 1198 905 Ducenties

176 946 332 1000 comesset
351 947 403 1000 aut
423 940 607 1001 trecentiesl
627 972 666 986 -
693 942 773 1009 Quid
794 948 840 1002 est
861 943 921 1002 alid
945 943 1065 1002 sinistra
1085 940 1198 1002 libera·

174 1038 276 1098 litas?
295 1069 336 1082 -
356 1039 470 1098 Parum
484 1040 658 1116 expatravit
678 1058 714 1098 an
735 1058 843 1116 parum
864 1040 983 1100 eluatus
1003 1041 1197 1100 esti-Pa·
1241 1067 1244 1072 ¹
1351 1118 1353 1126 γ

174 1143 270 1196 terna
289 1136 387 1212 prima
407 1136 562 1196 lancinata
582 1143 651 1196 sunt
670 1138 762 1195 bona:
777 1170 815 1181 -
832 1137 971 1196 Secunda
990 1139 1104 1213 praeda
1118 1140 1196 1198 Pon·

172 1233 262 1292 tica:
282 1232 352 1291 inde
366 1234 455 1293 tertia
465 1264 505 1277 -
515 1233 639 1308 Hibera,
655 1252 745 1309 quam
766 1234 823 1292 soit
843 1235 938 1293 amnis
953 1235 1068 1294 aurifer
1083 1237 1195 1312 Tagus.

173 1361 221 1376 -
234 1330 328 1390 Haec
341 1331 462 1391 Galliae
476 1332 585 1391 timeret
600 1339 629 1390 et
643 1333 850 1393 Britanniae.
869 1354 884 1387 »

226 1500 328 1566 Vides
363 1520 497 1566 versum
533 1501 666 1587 qualem
701 1522 775 1567 eum
801 1505 938 1568 exhibet
963 1505 1106 1591 optimus
1130 1505 1195 1568 Da-

172 1614 292 1673 tanus.
318 1608 357 1672 In
380 1609 543 1673 Laurenti
566 1607 710 1686 Santoni,
744 1629 849 1693 aeque
870 1612 962 1676 bono
986 1610 1110 1688 oodioe,
1137 1630 1195 1675 ex-

172 1718 246 1778 stat
279 1714 388 1780 tieret.
427 1713 557 1778 Versus
595 1719 646 1779 est
681 1714 859 1780 manifesto
884 1721 1074 1802 corruptus,
1101 1725 1194 1782 caret

174 1821 271 1886 enim
294 1820 438 1905 syllaba.
598 1895 601 1901 ¹

267 1928 309 1991 ll.
336 1929 485 1994 Versum
509 1947 569 2013 pro
595 1929 708 2014 spurio
732 1929 859 1994 babent
882 1928 1046 2014 Scaliger,
1072 1932 1192 1996 Gorra·

91 2065 98 2076 ·
170 2035 277 2100 dinus
300 2036 350 2099 De
372 2034 481 2112 Allio,
506 2035 675 2122 Bartbius
711 2035 917 2121 Wagnerus,
950 2035 977 2099 si
1009 2037 1094 2100 bene
1123 2057 1190 2101 me-

168 2141 268 2216 mini3
284 2140 431 2206 fortasse
445 2147 477 2206 et
490 2141 547 2205 alii
557 2144 614 2226 qui
626 2143 662 2206 in
674 2144 866 2227 praesentia
879 2141 962 2207 mihi
975 2161 1042 2208 non
1055 2162 1192 2207 suoour-

168 2253 268 2313 runt.
282 2249 383 2312 Falso
396 2254 508 2313 tamen
523 2268 597 2312 oum
611 2269 670 2333 pro
684 2250 796 2334 spurio
810 2247 979 2324 damnant,
991 2255 1027 2314 ut
1040 2251 1189 2335 probabo

166 2354 232 2418 ubi
256 2357 398 2440 primum
415 2354 456 2419 de
471 2360 619 2441 tempore
636 2354 764 2432 dixere,
782 2376 845 2440 quo
862 2376 998 2421 carmen
1012 2362 1188 2422 exaratum

167 2461 290 2526 fuerit.
309 2460 442 2526 Mortua
454 2461 556 2538 Jnlia,
576 2450 674 2545 quam
688 2461 797 2527 Julius
821 2464 946 2529 Caesar
970 2469 1065 2550 pater
1085 2466 1190 2531 Pom-

166 2568 250 2653 peio
258 2566 488 2652 desponderat,
499 2569 625 2633 inimici
640 2568 722 2633 faeti
735 2575 812 2634 sunt
826 2588 920 2634 socer
933 2574 965 2632 ot
978 2588 1095 2655 gener,
1112 2589 1190 2634 mox

166 2675 289 2738 hostes
314 2675 438 2751 iuturi;
465 2683 597 2741 mortua
619 2697 658 2741 ea
683 2682 793 2740 autem
817 2682 868 2740 est
893 2695 1026 2741 annon.
1047 2695 1076 2744 e.
1091 2677 1185 2750 DCC;

166 2782 333 2865 quocirca
351 2800 489 2846 carmen
507 2789 586 2848 ante
603 2784 693 2848 bunc
710 2765 836 2848 annum
864 2785 996 2869 scripsit
1023 2783 1186 2858 Catullus,

166 2889 282 2973 quiin
299 2889 454 2954 versibus
471 2889 514 2955 23
528 2897 561 2955 et
572 2890 615 2956 24
632 2909 689 2956 eos
707 2898 874 2975 tamquam
888 2891 978 2955 inter
991 2911 1026 2954 se
1043 2891 1187 2955 amicitia

165 2997 346 3060 etiamtum
371 2997 565 3062 coniunctos
585 2997 825 3083 compellatln
844 2997 1054 3061 Britanniam
1078 3002 1187 3061 autem

164 3123 273 3188 quum
285 3103 426 3188 primum
435 3102 661 3169 descendisset
673 3103 799 3169 Caesar
811 3103 1186 3179 annoDCLXXXXlX‚

162 3229 320 3287 carmen,
346 3212 503 3296 seriptum
527 3217 701 3295 postquam
725 3214 760 3276 in
785 3212 933 3276 insulam
949 3211 1043 3276 illam
1061 3211 1188 3278 Caesar

161 3323 397 3400 transgressus
419 3314 550 3393 fuerat,
581 3315 775 3404 (Mamurra
805 3320 904 3396 enim,
940 3319 976 3383 in
1010 3337 1105 3404 quem
1139 3323 1188 3381 est

160 3424 371 3508 praesertim
395 3429 500 3488 totum
529 3442 674 3502 carmen,
711 3426 776 3490 iam
812 3427 848 3490 in
885 3424 1018 3491 divitias
1053 3423 1185 3489 insulae

159 3535 342 3616 grassatus
366 3536 441 3594 erat
464 3537 522 3596 aut
545 3538 765 3617 grassaturus
788 3531 965 3597 videbatur
1000 3528 1085 3617 esse)
1110 3550 1186 3616 per-

157 3637 253 3702 tinet
276 3634 318 3699 ad
341 3641 470 3722 tempus
489 3637 576 3722 quod
593 3640 683 3703 inter
700 3636 800 3703 finem
817 3639 898 3703 anni
914 3636 1182 3703 DCLXXXXIX
1199 3687 1201 3691 -

159 3749 201 3808 et
212 3741 413 3828 principium
426 3745 509 3809 anni
518 3745 726 3830 insequentis
740 3743 883 3812 effluxit.
894 3746 987 3821 Quae
1000 3743 1110 3809 omnia
1119 3743 1185 3808 iam

160 3847 301 3938 pridem
326 3855 479 3916 constant
500 3849 608 3917 ferme
632 3853 721 3917 inter
747 3872 876 3918 omnes.

222 3956 324 4022 Nunc
347 3956 449 4023 redeo
462 3955 506 4023 ad
516 3957 592 4024 illos
605 3978 686 4058 quos
699 3956 796 4024 modo
804 3959 923 4024 reiecti
934 3959 1061 4025 iniuria
1071 3975 1189 4024 versus

158 4062 355 4148 arguimus.
382 4063 492 4129 Meam
527 4065 616 4130 enim
641 4065 840 4130 sententiam
864 4073 1021 4152 utquam
1053 4065 1185 4131 brevis-
