3164 5104
622 939 695 1021 AD
728 937 1031 1020 CATULLUM
1061 925 1179 1034 6659

861 1139 941 1147 -—-

762 1619 942 1686 CAPUT
975 1619 1047 1686 IV.

411 2071 412 2080 ’
437 2063 476 2127 ln
500 2060 668 2130 codicibus
694 2067 804 2127 extat:

457 2261 472 2294 e
495 2239 540 2298 Hi
562 2238 607 2298 dii
628 2255 686 2299 ceo
706 2238 751 2297 ibi
770 2237 858 2298 vario
879 2257 916 2298 ne
938 2237 1036 2298 solum
1056 2238 1086 2296 in
1106 2237 1219 2296 lumine
1240 2236 1325 2297 caeli.
1348 2258 1366 2292 s

438 2409 478 2473 ln
502 2407 673 2474 nonnullis
698 2414 808 2474 autem
831 2407 881 2475 Ni
904 2428 964 2494 pro
988 2407 1035 2473 tt.
1051 2407 1091 2471 In
1108 2407 1238 2474 Datano
1254 2427 1314 2494 pro
1338 2427 1413 2475 ceci

393 2521 444 2581 est
467 2534 611 2581 vacuum
635 2515 788 2601 spatium.

394 2652 396 2658 ¹
437 2621 554 2688 Critici
578 2627 689 2698 autem
712 2641 798 2706 quae
822 2623 1040 2687 coniecerunt
1063 2628 1142 2689 sunt
1164 2623 1266 2688 haec:

435 2729 576 2794 Statius:
603 2728 717 2793 lumin
739 2729 803 2807 eti,
830 2734 894 2796 etc.
920 2729 1079 2795 Vossius:
1106 2728 1235 2796 Sidere
1258 2730 1329 2796 uti.
1360 2731 1403 2796 G.

391 2835 624 2901 Hermannus:
663 2833 805 2901 Siderei
842 2841 901 2900 et.
941 2835 1124 2919 Hauptius:
1174 2837 1303 2901 deduci
1340 2836 1407 2901 iti.

390 2940 647 3007 Froohlichius:
673 2941 742 3007 Hic
764 2941 902 3008 etenim.
939 2939 1104 3025 Heysius:
1141 2942 1305 3008 Indidem
1337 2940 1402 3009 ibi.

390 3047 604 3113 Pleitnerus:
641 3047 726 3113 Inde
760 3046 843 3112 sibi.
869 3047 1051 3131 Peiperus:
1076 3048 1210 3115 Demea
1235 3048 1300 3113 ibi.
1332 3050 1409 3116 Rit-

390 3153 552 3220 schelius:
577 3154 716 3220 Numen
738 3153 801 3218 ibi.
828 3154 1015 3237 Coningtoz
1042 3154 1184 3220 Adoena
1215 3155 1280 3222 ibi.
1312 3154 1399 3219 Beh·

389 3260 537 3326 rensius:
564 3259 634 3324 Hic
656 3261 762 3327 nivei.
788 3259 941 3325 Ellisius:
966 3257 1036 3324 Hic
1058 3261 1177 3326 iuveni
1198 3261 1364 3328 Ismario.

430 3365 553 3432 Locum
588 3367 798 3452 desperatum
833 3372 931 3432 vocat
967 3368 1002 3430 in
1028 3366 1106 3433 edit.
1140 3388 1201 3433 sua
1225 3369 1267 3434 L.
1292 3368 1402 3433 Muel-

388 3473 489 3550 lerus,
514 3474 570 3559 qui
594 3472 721 3538 nnllam
744 3473 808 3538 hac
843 3471 883 3538 de
918 3491 1019 3538 causa
1052 3475 1219 3559 excogitat
1243 3474 1403 3542 emenda·

388 3579 527 3646 tionem.

431 3691 582 3771 Πλόκαμον
608 3685 776 3756 Catullum
793 3705 836 3751 ex
852 3705 975 3771 graeco
989 3685 1187 3756 Callimachi
1205 3705 1403 3774 expressum

388 3789 514 3856 Latinis
549 3812 698 3858 sacrasse
722 3791 827 3858 Musis
858 3799 979 3878 rogatu
1015 3792 1052 3866 Q.
1076 3792 1240 3859 Hortensi
1271 3793 1404 3858 Hortali

388 3899 546 3976 oratoris,
571 3919 627 3965 nes
644 3905 695 3966 est
710 3898 919 3986 pervulgata.
944 3899 1078 3987 (Catull.
1104 3898 1202 3979 65‚t5
1226 3896 1330 3987 seqq).

432 4004 645 4090 Exemplaris
670 4012 782 4072 autem
805 4002 926 4073 Graeci
951 4004 1015 4072 duo
1040 4003 1266 4072 tantummodo
1287 4026 1408 4093 super·
