3046 5096
414 409 449 461 78
510 405 516 416 “
645 421 681 460 nu
700 420 836 461 ponamus
854 419 911 458 rim
929 417 987 458 u1v1
1005 403 1050 468 21,
1067 402 1128 456 1-20

380 552 442 618 que
465 531 546 598 hine
568 531 693 598 factum
718 535 770 598 est
790 536 829 597 ut
850 530 964 595 Livius
988 549 1051 616 quo
1076 548 1165 594 anno
1188 528 1305 595 foedus
1320 527 1400 594 Ro·

379 641 469 704 mani
493 658 567 704 cum
600 635 814 704 Hasdrubale¹
844 634 968 702 icerint
999 654 1069 700 non
1093 634 1271 701 tradiderit
1301 631 1394 716 (Liv.

380 741 514 830 21,2,7).
527 743 677 809 -Nunc
691 762 794 828 porro
810 760 947 828 pergam
964 760 1128 826 quaerere
1140 760 1240 826 quam
1257 741 1298 806 ob
1315 758 1399 806 cau-

380 869 450 916 sam
474 855 594 935 etque
618 855 754 916 auctore
779 849 920 925 Livius,
946 853 1130 934 postquam,
1155 846 1295 914 ducibus
1319 847 1398 912 An-

378 956 504 1022 nalium
519 957 736 1042 scriptoribus
748 955 921 1031 Romanis,
935 973 990 1020 res
1006 959 1113 1040 gestas
1131 953 1396 1040 Carthaginien·

379 1063 465 1126 sium
477 1064 513 1127 in
528 1062 690 1147 Hispania
707 1082 765 1128 suo
783 1067 816 1126 et
831 1062 904 1128 loco
921 1066 954 1126 et
971 1067 1120 1145 tempore
1137 1061 1272 1126 silentio
1289 1065 1394 1126 tran-

380 1169 552 1247 smisisset,
568 1188 624 1233 eas
641 1171 729 1254 ipsas
748 1169 866 1248 serius,
882 1168 1009 1233 bellum
1025 1167 1186 1232 Punicum
1207 1168 1393 1234 secundum

377 1275 532 1340 videlicet
554 1274 800 1363 descripturus,
827 1281 964 1362 arrepta
987 1274 1157 1340 occasione
1181 1275 1289 1340 literis
1313 1295 1391 1341 con-

378 1383 577 1468 signaverit.

421 1489 519 1554 XIX.
555 1487 706 1554 Aberant
741 1487 879 1553 iamdiu
907 1487 1030 1554 litteris
1064 1487 1191 1552 Latinis
1214 1507 1271 1552 res
1289 1488 1387 1570 ¹illae,

378 1613 488 1678 neque
511 1599 646 1658 notatae
671 1595 705 1658 in
729 1593 857 1658 Tabula
880 1593 1051 1660 Pontificis
1067 1613 1175 1678 neque
1192 1612 1391 1659 commemo·

378 1707 473 1766 ratae
497 1701 538 1765 ab
563 1699 745 1765 Annalium
769 1700 999 1786 scriptoribus,
1023 1719 1123 1784 quum
1146 1701 1257 1764 extitit
1272 1706 1392 1767 auctor

376 1807 550 1872 Romanus
568 1805 709 1893 quidam,
726 1809 783 1892 qui
799 1826 855 1873 eas
874 1827 917 1872 ex
932 1807 1054 1873 litteris
1072 1806 1209 1873 Graecis
1225 1814 1388 1892 sumptas,

377 1909 447 1999 (res
456 1912 656 1979 Hamilcaris
674 1919 705 1978 et
721 1913 941 1979 Hasbrubalis
958 1911 1210 1998 diligentissime
1222 1914 1392 1999 persecuti

379 2026 458 2088 sunt
482 2027 614 2085 veteres
639 2021 831 2105 scriptores:
854 2020 958 2085 multa
982 2021 1072 2084 enim
1089 2018 1128 2083 de
1144 2017 1261 2084 iisdem
1284 2017 1392 2084 tradit

379 2126 545 2193 Diodorus
568 2125 681 2202 25,14.
718 2123 763 2214 (1)
798 2125 868 2192 Res
896 2124 1092 2191 Hannibalis
1120 2126 1222 2191 item:
1259 2127 1392 2192 multos

380 2236 428 2299 ait
443 2235 634 2326 provenisse
646 2233 827 2318 scriptores
843 2251 956 2298 rerum
969 2232 1169 2298 Hannibalis
1183 2232 1287 2306 Corn.
1301 2231 1390 2318 Nep.

381 2339 606 2415 Hona.13,3,
625 2339 820 2403 nominatim
844 2339 989 2404 Silenum
1006 2343 1040 2404 et
1062 2338 1203 2405 Sosilum
1218 2361 1236 2398 »
1255 2344 1318 2403 etc.
1337 2339 1389 2404 De

375 2444 487 2510 Sileno
512 2443 555 2509 cf.
578 2451 757 2529 praeterea
782 2445 936 2512 Ciceron.
961 2444 1144 2520 dedicta,
1169 2443 1313 2521 latae.
1337 2443 1388 2508 De

376 2551 494 2629 Sosila
519 2550 563 2616 cf.
586 2550 721 2616 Diodor.
739 2549 1144 2636 9‚36,5.P01yb.3,20,5),
1162 2551 1293 2616 Latinis
1310 2555 1389 2613 tau-

376 2659 451 2724 dem
464 2657 585 2722 litteris
599 2657 781 2734 mandavit,
800 2677 864 2743 quo
881 2664 1018 2723 auctore
1035 2658 1146 2722 Livius
1160 2659 1203 2722 sit
1214 2677 1306 2721 usus.
1319 2659 1389 2733 Qui

377 2771 488 2828 tamen
512 2768 630 2827 auctor
653 2781 694 2827 ea
717 2764 825 2846 potius
841 2763 974 2829 videtur
989 2765 1176 2828 summatim
1194 2763 1389 2849 complexus

377 2869 484 2936 fuisse
508 2870 542 2932 in
566 2869 734 2952 prooemio
752 2871 859 2954 operis
876 2871 940 2947 sui,
959 2890 1057 2955 quam
1081 2876 1239 2954 tanquam
1257 2876 1389 2954 partem

377 2977 487 3063 operis
501 2976 553 3041 sui
567 2973 686 3040 diffuse
700 2977 896 3063 copioseque
912 2976 1135 3062 descripsisse:
1149 2983 1331 3062 temporum
1346 2997 1389 3042 e-

380 3083 449 3147 nim
461 3081 541 3148 ordo
554 3083 746 3146 necessario
761 3080 1010 3149 desiderabatur
1022 3083 1109 3169 apud
1119 3103 1204 3162 eum,
1220 3103 1319 3170 quum
1332 3082 1391 3147 de-

377 3188 543 3254 sideretur
555 3189 656 3252 etiam
673 3187 762 3274 apud
776 3190 918 3254 Livium:
937 3209 1067 3268 rursus,
1079 3193 1108 3255 si
1119 3197 1234 3257 auctor
1244 3190 1300 3255 hic
1311 3192 1390 3256 uni-

379 3314 497 3362 versas
521 3294 751 3359 Romanorum
774 3314 831 3360 res
848 3302 1034 3374 narrasset,
1052 3299 1113 3361 ista
1128 3296 1308 3382 Hispanica
1324 3317 1387 3362 suo

379 3491 592 3504 ........----

412 3616 451 3685 (l)
470 3613 620 3670 Diodorum
639 3629 673 3668 ea
699 3613 851 3683 sumpsisse
870 3631 905 3668 ex
931 3615 1055 3669 fontibus
1073 3632 1129 3670 non
1146 3615 1281 3670 Romanis
1300 3629 1387 3686 aper-

377 3706 509 3770 tamese,
529 3719 618 3774 neque
647 3703 722 3757 enim
750 3701 870 3757 Romani
898 3705 1049 3775 scriptores
1067 3721 1100 3758 ea
1118 3704 1202 3774 paulo
1221 3704 1389 3773 diligentius

376 3793 520 3862 persecuti
538 3794 610 3846 sunt.
624 3790 717 3845 Maius
730 3791 860 3863 quiddam
877 3792 996 3848 accedit:
1016 3793 1070 3847 etsi
1083 3794 1157 3848 enim
1176 3797 1233 3846 tam
1245 3794 1336 3848 multa
1350 3795 1389 3848 si·

376 3878 437 3934 euti
456 3878 489 3934 de
508 3879 664 3936 Hamilcare
682 3881 723 3934 ita
741 3880 774 3933 de
794 3880 970 3935 Hasdrubale
988 3880 1198 3949 habet,omittit
1216 3887 1310 3938 tamen
1321 3881 1390 3940 Dio-

377 3968 463 4022 dorus
482 3969 578 4024 foedus
597 3969 671 4040 quod
689 3967 845 4024 Hasdrubal
864 3986 927 4023 cum
945 3970 1080 4024 Romanis
1093 3969 1191 4037 iceret,
1205 3971 1234 4024 id
1244 3971 1319 4042 quod
1332 3969 1389 4027 Ro-

377 4071 491 4112 manum
502 4060 644 4112 auctorem
659 4059 801 4113 facturum
814 4059 1011 4132 fuisse-adduci
1022 4061 1070 4114 vix
1082 4076 1196 4130 possum
1208 4064 1239 4115 ut
1253 4061 1389 4118 arbitrer.
