3046 5096
283 404 288 414 '
333 423 369 468 nu
387 425 528 471 renuens
545 429 603 470 nnn
622 429 681 471 nrrr
697 415 744 481 21,
757 415 822 470 1-20
1011 416 1044 473 ot

11 596 15 622 ‚
76 539 212 608 historia
235 539 334 628 parvi
356 541 516 606 momenti
539 548 657 609 essent
675 560 807 628 semper
830 541 984 630 neglexit
1008 540 1081 632 (1))

11 627 13 717 i
77 652 191 714 auctor
213 647 282 725 ille,
306 667 404 735 qnam
428 655 543 734 postea
561 663 730 728 eruemus,
749 648 805 734 qui
820 655 970 716 ¹ceterum
985 650 1085 736 Poly·

12 751 13 844 j
77 755 316 822 biumseontus
339 760 402 822 est.
423 755 496 824 Hoe
519 755 606 822 idem
621 762 674 824 est
686 755 866 823 'dicendum
882 755 924 824 de
944 757 985 824 iis
999 775 1087 846 qnae

76 861 116 927 ad
134 867 247 948 parles
265 862 596 948 Garllraginiansium
615 863 823 951 pertinentia
839 863 942 930 tradit
965 866 1084 932 Livius

11 957 13 1034 Ῑ
76 967 231 1046 bl‚2‚3-4
263 991 283 1029 e
306 968 498 1038 Hasdrubal
512 1017 520 1036 .
580 987 589 1036 ι
606 1021 640 1037 ..
667 987 773 1056 gener
794 967 872 1036 indo
906 971 950 1036 ob
983 970 1085 1038 aliem

79 1075 262 1143 «indolem
293 1075 444 1162 profesto
472 1077 575 1145 animi
599 1075 764 1156 adscitus,
801 1082 835 1142 et
869 1076 947 1166 quia
978 1096 1086 1164 gener

12 1179 13 1270 ἶ
79 1189 200 1262 «erat,
224 1183 397 1268 factionis
430 1184 606 1252 Barcinae
627 1184 762 1271 opibus,
788 1201 880 1270 quoa
903 1185 998 1270 epod
1013 1187 1084 1251 mi

12 1345 13 1366 1
79 1315 93 1349 «
117 1292 197 1358 lites
215 1291 422 1376 plebemque
438 1293 525 1377 plus
545 1309 652 1378 paam
674 1290 836 1358 modicae
851 1297 969 1368 eruut,
988 1290 1085 1359 baud

12 1389 13 1472 ]
79 1415 199 1466 «sana
220 1398 399 1466 uoluntate
415 1399 626 1486 princepum
656 1399 692 1464 iu
721 1398 862 1485 imperio
897 1399 1079 1485 positus»

12 1487 13 1522 i
78 1503 163 1572 Haeo
199 1505 288 1571 enim
321 1506 505 1574 historiens
538 1508 722 1585 Romanus,
748 1497 934 1593 scripturus
957 1506 1081 1576 bellum

11 1595 13 1688 i
78 1611 343 1690 Hannibaliourn‚
369 1615 523 1680 omittere
546 1613 603 1699 qni
625 1615 786 1702 potuisset
809 1612 883 1703 (2)l

11 1753 12 1814 y
116 1715 190 1789 XII.
214 1715 289 1786 Liv.v
312 1719 402 1798 21‚5.
429 1719 1082 1808 21,18,8-2l,19,6.Quamquamdeoa-

12 1848 13 1887 r
77 1830 131 1914 pit.
155 1829 177 1895 3
200 1833 235 1896 et
258 1829 279 1893 4
304 1847 403 1914 snpra
426 1833 476 1895 est
500 1827 632 1912 dictum,
657 1836 735 1895 sunt
758 1835 869 1896 tamen
892 1829 951 1896 bie
972 1832 1083 1897 oonsi·

11 1939 12 2016 3
78 1933 219 2002 donanda
243 1936 350 2021 prima
366 1935 471 2001 verba
486 1934 601 2023 eapitis
625 1936 667 2002 3:
693 1957 711 1996 e
735 1935 774 2001 ln
795 1934 1017 2002 Hasdrubalis
1033 1938 1082 2004 lo-

11 2063 12 2070 *
81 2063 192 2109 «oum
215 2041 305 2109 hand
328 2042 429 2109 dubia
450 2063 506 2109 res
541 2039 605 2110 init
628 2043 709 2128 quin
731 2043 968 2130 praerogativa
991 2043 1079 2109 mili·

80 2175 95 2210 «
116 2151 207 2229 tanis,
232 2171 296 2237 qua
313 2152 481 2238 extemplo
498 2151 628 2218 invenis
640 2150 809 2216 Hannibal
825 2151 859 2218 in
875 2151 1081 2238 praetorium

110 2471 145 2539 (Ι)
166 2471 208 2527 (it
228 2487 299 2542 quae
325 2471 360 2527 de
382 2471 437 2526 hae
460 2487 490 2526 re
509 2471 620 2543 disputo
648 2470 677 2526 in
696 2471 788 2543 opella
806 2487 879 2544 quae
897 2467 1080 2530 inscribitur:
1157 2457 1161 2465 ¹

79 2559 157 2616 balta
177 2563 316 2632 batwplia
334 2563 414 2617 della
435 2562 556 2616 Trebbt'e
574 2580 592 2616 a
612 2563 710 2634 quella
728 2563 777 2617 olel
798 2563 971 2620 Trasimenna.
994 2566 1083 2626 Quas·

79 2651 141 2704 linai
158 2652 191 2704 eli
208 2652 303 2706 Storr'a
321 2651 460 2706 Romana.

13 2792 14 2800 ,
88 2807 89 2814 ¹
108 2741 144 2807 (2)
164 2738 275 2795 Nollem
294 2744 389 2796 autem
407 2740 460 2794 hoo
478 2741 512 2795 de
531 2741 651 2796 Barcina
669 2742 758 2812 deque
776 2741 942 2812 optimatum
957 2743 1080 2800 faotione

13 2839 14 2850 ¹
79 2831 128 2880 tarn
146 2845 277 2899 perverse
295 2845 312 2882 a
330 2828 554 2886 Weissenbornio
574 2832 619 2899 (ed
638 2829 747 2884 Livium
759 2829 865 2902 21‚2‚4)
885 2834 1077 2888 existimatum

12 2977 13 2982 ἵ
78 2917 191 2974 ruisset:
212 2920 261 2991 qui
279 2917 527 2980 Weissenbornius
546 2939 600 2976 non
619 2921 757 2978 dubitavit
775 2921 910 2976 affirmare
929 2912 1079 2996 Polybium

13 3033 14 3044 κ
78 3021 175 3075 negare
191 3003 244 3062 hae
260 3009 330 3063 duas
349 3010 598 3078 Cartaginiensinm
621 3015 715 3081 partes
734 3027 857 3082 unquam
876 3013 964 3067 fuisse
983 3017 1080 3080 (enar
1140 3031 1144 3040 ’

12 3100 17 3169 2
78 3095 171 3168 Polyb.
199 3097 318 3154 erkennt
337 3099 412 3164 disse
437 3099 720 3155 Parteiverhailtnisse
741 3101 820 3155 nicht
848 3119 892 3156 an.
905 3120 930 3166 n,
949 3101 989 3156 ait
1008 3101 1079 3168 ille).

13 3226 16 3235 .
78 3173 144 3241 Sane
161 3187 296 3259 Polybius
314 3188 428 3244 illarum
440 3189 561 3259 partium
575 3191 744 3246 mentionem
764 3189 809 3246 hio
828 3208 884 3247 non
902 3191 1015 3246 iniecit:
1031 3193 1080 3248 sed

12 3290 17 3350 p
78 3289 166 3343 quare,
183 3277 306 3348 perspici
320 3277 401 3332 iacile
415 3294 495 3348 posse
508 3279 656 3334 existimo:
677 3297 798 3352 namque
810 3279 946 3352 Polybius
965 3297 1010 3336 res
1022 3285 1080 3335 tam

13 3389 14 3426 5
79 3379 171 3430 graves
189 3383 245 3420 non
263 3365 362 3420 habuit
379 3367 409 3421 in
422 3385 498 3422 more
511 3369 602 3424 obiter
614 3370 810 3424 tantummodo
822 3371 972 3440 attingere,
984 3389 1080 3426 verum

13 3475 14 3494 1
77 3451 135 3506 data
152 3467 237 3525 opera
255 3459 440 3526 pertractare:
467 3458 501 3513 de
523 3459 650 3529 partibus
669 3463 764 3515 autem
785 3459 910 3515 civitatis
930 3461 1081 3530 Carthagi-

77 3542 206 3598 niensium
233 3544 345 3616 plenius
373 3545 512 3602 disserere
539 3548 624 3602 huius
643 3567 698 3604 non
717 3553 777 3604 erat
795 3549 859 3614 loci,
879 3565 965 3622 quum
988 3567 1033 3605 res
1052 3551 1081 3604 in

77 3630 215 3704 Hispania,
233 3635 264 3690 in
281 3635 387 3708 lllyria‚
405 3637 434 3690 in
454 3637 553 3704 Gallia,
565 3638 686 3710 danique
704 3640 734 3694 in
749 3639 867 3694 Graecia
880 3645 974 3708 gestas
987 3640 1017 3694 in
1029 3640 1081 3696 boe

77 3717 254 3777 historiarum
267 3724 337 3780 libro
351 3742 488 3797 exponere
507 3728 710 3785 constituisset.
731 3729 840 3802 (ltaque
852 3733 947 3784 narrat
959 3729 1000 3796 nl
1021 3749 1083 3802 per·

12 3871 13 3892 ]
77 3826 160 3878 panea
178 3813 213 3868 de
231 3813 317 3868 rebus
345 3817 381 3870 ab
410 3817 566 3871 Hamilcare
593 3818 624 3871 in
642 3817 778 3888 Hispania
802 3817 1013 3887 gestiam-12
1037 3837 1081 3874 res

12 3949 13 3952 ,
77 3896 184 3969 Illyrias
202 3905 232 3958 et
256 3901 399 3961 Graecias.
412 3903 475 3972 213
488 3923 579 3977 pauca
592 3907 625 3961 de
638 3909 722 3961 rebus
740 3909 775 3962 ab
788 3907 960 3962 Hasdrubale
977 3908 1082 3962 ibidem

78 3991 169 4052 gestis.
182 3989 361 4058 2‚ll-35·ras
379 3995 496 4052 Galliae.
514 3995 576 4062 236
593 4013 731 4068 perpauca
742 3997 777 4051 de
795 3997 970 4053 Hasdrubale
988 3999 1081 4054 occiso
1130 4013 1132 4023 ·

13 4059 16 4130 i
78 4074 163 4151 daque
174 4077 331 4139 Hannibale
345 4082 374 4140 iu
388 4085 448 4140 eius
461 4084 553 4141 losum
571 4085 642 4142 duce
653 4087 737 4141 facto.
756 4085 866 4152 2‚3r-71
880 4103 925 4144 res
937 4087 1069 4146 Graecias
