3046 5096
502 482 538 520 un
557 482 659 522 nivium
677 466 722 533 23,
733 465 798 532 32,l
1090 465 1125 519 97

136 623 156 658 «
185 595 394 680 Sempronio
418 591 552 659 Romae
574 596 716 660 colones
740 594 806 678 qut
820 593 941 678 fierent
965 617 996 656 ».
1021 590 1156 658 Romae

132 705 220 789 fieri
244 703 329 768 idem
354 700 453 778 valet,
479 704 527 766 uti
550 707 641 788 patet
669 720 712 766 ex
730 701 843 766 verbis
861 700 951 765 Livii
974 718 1060 788 quae
1079 719 1158 764 mox

134 807 345 888 afferemus,
383 809 549 874 conscribi
586 829 605 873 a
640 807 893 893 magistratibus
937 807 995 898 qui
1032 806 1162 872 Romae

135 926 222 982 tuuc
245 917 404 1003 temporis
430 922 552 982 essent.
570 917 699 982 Romae
724 923 838 981 autem
855 920 987 982 constat
1003 913 1063 979 illa
1081 921 1167 978 tem-

136 1032 272 1112 pestate
296 1025 404 1090 factos
429 1024 533 1088 fuisse
558 1025 680 1090 multos
705 1022 827 1089 milites
853 1023 994 1090 octones
1020 1022 1098 1110 (hoc
1114 1021 1168 1086 est

138 1151 266 1199 seruos
290 1133 521 1198 voluntarios.
559 1131 610 1196 Cf.
646 1131 855 1197 Macrobium
887 1129 954 1196 Sat.
982 1128 1068 1207 1‚11,
1095 1128 1164 1208 3tl;

70 1287 73 1294 ,
141 1240 245 1306 Puni.
272 1241 366 1304 Diac.
394 1260 469 1326 pag.
496 1236 600 1323 370),
626 1239 682 1326 qui
706 1259 767 1324 pro
791 1239 858 1303 aris
882 1244 916 1302 et
940 1236 1024 1302 focis
1045 1242 1164 1301 contra

140 1347 372 1411 Hannibalem
396 1353 600 1430 pugnarent.
619 1345 784 1432 Namque,
809 1349 885 1431 post
907 1344 1063 1410 nuntium
1081 1343 1167 1410 Cau-

140 1455 263 1519 nensis
288 1452 403 1530 cladis,
427 1453 571 1520 Romani
596 1451 691 1518 nulla
715 1453 913 1538 interposita
937 1471 1032 1516 mora
1053 1449 1165 1516 dicta-

144 1571 219 1625 tore
234 1567 356 1638 creato,
376 1579 481 1626 noras
499 1561 609 1645 copias
625 1561 775 1624 scrihere
791 1559 942 1644 aggressi
967 1565 1043 1622 sunt
1059 1577 1163 1643 quau-

141 1677 340 1753 tascumque
375 1673 521 1753 possent,
558 1668 677 1750 quibus
713 1666 871 1732 videlicet
903 1666 1002 1732 fessis
1027 1666 1162 1750 lmperii

142 1777 248 1840 rebus
266 1776 499 1840 subvenirent.
516 1773 615 1862 (Vide
632 1794 716 1862 quae
732 1773 973 1860 disputavimus
998 1775 1032 1838 in
1058 1774 1165 1858 capite

143 1880 233 1968 sup.)
247 1885 331 1950 Rem
346 1884 462 1948 Livius
477 1889 598 1947 narrat
610 1881 830 1968 racuuseq.
846 1881 898 1945 uis
911 1879 1037 1946 verbis:
1056 1877 1167 1946 «Indo

143 2017 163 2047 «
191 1989 334 2054 dictator
359 2010 403 2052 ex
427 1989 626 2054 auctoritate
643 1996 775 2075 patrum
791 1988 898 2053 dictus
922 1989 968 2054 M.
994 1987 1116 2054 Juuius
1135 1995 1168 2052 et

144 2119 164 2156 «
191 2097 241 2160 Ti.
275 2095 489 2180 Sempronius
526 2096 685 2180 magister
721 2098 867 2184 equitum
904 2094 1030 2161 dilectu
1060 2093 1167 2159 edicto

144 2229 165 2262 ‹<
191 2205 343 2270 iuniores
368 2205 409 2269 ab
435 2204 533 2268 aunis
569 2203 801 2290 septemdecim
826 2210 858 2268 et
883 2201 1041 2288 quosdam
1066 2221 1163 2287 prae·

144 2335 165 2369 ‹<
193 2316 336 2375 tentatos
354 2311 515 2375 scribunt.
534 2312 700 2387 Quattuor
717 2330 760 2374 ex
776 2311 829 2376 his
845 2308 997 2394 legiones
1023 2315 1056 2373 et
1072 2309 1164 2373 mille

148 2446 168 2478 a
193 2418 320 2501 equites
344 2413 464 2482 effecti.
494 2417 575 2482 Item
600 2416 640 2481 ad
665 2418 772 2482 socios
798 2419 1023 2502 Latinumque
1040 2436 1161 2482 nomen

147 2551 167 2586 a
193 2526 234 2591 ad
260 2527 381 2591 milites
405 2547 448 2590 ex
473 2527 619 2592 formula
644 2526 857 2612 accipiendos
884 2528 1033 2592 mittunt.
1060 2524 1164 2590 Arma

149 2664 169 2696 <‹
193 2636 260 2700 tela
284 2636 399 2720 parari
422 2636 558 2713 iubent,
586 2643 617 2701 et
653 2641 772 2700 vetera
809 2635 912 2720 spolia
938 2634 1085 2701 hostium
1108 2631 1167 2698 de·

150 2771 168 2802 «
194 2743 332 2807 trahunt
357 2743 488 2828 templis
512 2743 772 2827 porticibusque.
814 2741 856 2806 Et
891 2743 991 2807 aliam
1017 2741 1159 2807 sormam

89 2853 92 2860 “
144 2875 167 2940 ⁴«
194 2851 272 2914 noui
298 2850 439 2914 dilectus
464 2851 572 2934 iuopia
596 2849 782 2914 liberorum
815 2851 960 2935 capitum
985 2869 1025 2914 ac
1048 2868 1167 2912 neces·

148 2987 167 3016 «
194 2961 274 3022 sitas
299 2956 409 3021 dedit:
436 2963 508 3022 octo
534 2957 625 3020 mitia
651 2959 808 3022 iuuenum
834 2956 1022 3022 validorum
1039 2975 1082 3020 er
1100 2975 1168 3020 ser-

148 3091 167 3124 «
194 3066 283 3130 vitiis
298 3066 391 3150 prius
407 3065 617 3129 sciscitantes
636 3062 799 3148 singulos,
818 3064 989 3129 vellentne
1007 3063 1165 3142 militare,

151 3199 169 3234 ‹
194 3180 302 3257 empta
325 3173 456 3258 publice
478 3179 710 3238 armaverunt.
738 3199 754 3234 »
782 3171 931 3237 llanlem
958 3193 1027 3238 rem
1052 3173 1167 3237 Liuius

146 3286 267 3344 narrat
284 3300 404 3344 rursus
417 3279 555 3357 tarta
572 3301 676 3367 seqq,
697 3278 812 3369 (alium
825 3287 998 3346 auctorem
1013 3289 1162 3354 secutus,

146 3397 183 3452 ut
208 3408 268 3472 ego
292 3386 452 3472 arbitror)
478 3387 531 3466 his
550 3388 680 3455 verbis:
703 3413 719 3448 a
740 3439 746 3452 .
767 3439 773 3452 .
795 3441 801 3454 .
822 3385 1025 3453 dictatorld.
1045 3387 1166 3454 Junius

148 3518 166 3550 a
194 3491 278 3556 Pera
297 3541 498 3557 ........
525 3497 662 3576 praeter
690 3491 774 3557 duas
812 3492 968 3557 urbanas
1004 3490 1166 3575 legiones,

149 3624 166 3657 «
193 3620 277 3682 quam
301 3599 464 3685 principio
489 3599 571 3663 anui
595 3618 614 3662 a
639 3599 834 3664 oonsulibus
861 3598 1071 3684 conscriptae
1095 3595 1169 3661 fue·

148 3732 166 3766 a
194 3712 288 3784 rant,
314 3713 347 3770 et
370 3725 547 3771 servorum
572 3704 728 3771 dilectum
752 3707 980 3790 cohortesque
1013 3722 1163 3789 onagro

153 3841 170 3874 <‹
195 3815 317 3878 Piceno
342 3821 374 3880 et
398 3811 507 3879 Gallia
532 3813 712 3892 coniectas,
740 3813 782 3878 ad
805 3813 956 3879 ultimum
975 3832 1076 3898 prope
1092 3810 1169 3876 des·
1252 3841 1256 3847 ,

152 3945 169 3980 ‹
195 3925 332 4005 peratae
349 3921 397 3985 roi
414 3920 565 4007 publicae
583 3918 760 3995 auxilium,
776 3940 850 3984 oum
868 3918 1004 3985 honesta
1022 3918 1165 3983 utilibus

154 4053 171 4086 «
197 4028 327 4104 cludunt,
345 4027 526 4105 descendit,
541 4027 725 4109 edixitque,
741 4027 797 4110 qui
815 4026 990 4113 capitalem
1010 4025 1166 4092 fraudem

155 4161 171 4194 ‹
198 4137 267 4199 ausi
292 4129 413 4222 quique
449 4136 610 4222 pecuniae
648 4133 783 4198 iudicati
808 4135 841 4197 iu
866 4134 1011 4199 uinculis
1038 4140 1166 4211 esseut,

1062 4276 1078 4338 7
