3046 5096
405 393 440 454 50
623 415 658 454 66
679 415 815 454 rourrnus
834 413 892 454 rim
913 415 973 456 n1v1
991 402 1034 468 21,
1047 401 1111 456 1·20

366 534 520 606 narrata,
539 532 608 590 tum
625 531 754 591 constet
770 527 942 612 opiniones
958 527 1060 613 vulgo
1084 527 1272 605 hominum,
1295 533 1387 594 tem-

371 656 500 724 porum,
520 633 823 720 historicorumque
840 635 990 702 notitiam
1009 653 1122 699 rerum
1139 641 1263 721 quanto
1279 656 1387 721 opere

369 742 638 830 depravaverint.

415 850 514 916 Multi
537 854 651 914 nostra
676 851 783 912 aetate
811 868 945 934 operam
969 851 1035 915 iam
1060 857 1232 916 naverunt
1264 849 1390 934 expla-

369 957 490 1024 nandis
513 955 788 1042 explicandisque
803 956 965 1035 fontibus
982 979 1083 1043 quum
1100 957 1249 1023 universi
1267 959 1385 1043 operis

369 1066 516 1143 Liviani,
543 1070 611 1128 tum
635 1063 779 1126 maxime
813 1065 933 1128 tertiae
958 1064 1090 1130 decadis
1124 1065 1271 1150 partisve
1307 1062 1383 1129 ali-

372 1175 465 1238 cuius
491 1173 610 1238 tertiae
636 1170 778 1236 decadis.
802 1169 949 1244 Quorum
974 1178 1084 1236 tamen
1109 1173 1307 1248 sententiae,
1333 1172 1382 1236 ad

339 1327 344 1334 ·
369 1282 504 1346 tertiam
529 1277 685 1344 decadem
709 1277 795 1364 quod
818 1279 947 1356 attinet,
973 1278 1066 1366 (quas
1084 1281 1266 1345 sententias
1283 1299 1383 1344 nunc

370 1409 433 1454 nec
452 1387 589 1453 referre
613 1405 675 1450 nec
698 1384 858 1450 refellere
883 1389 1024 1452 attinet:
1043 1388 1098 1471 qui
1115 1387 1232 1451 studiis
1249 1388 1382 1451 nostris

371 1498 603 1581 obsequuntur
627 1499 762 1557 teneant
785 1512 841 1558 eas
865 1514 1003 1560 necesse
1028 1501 1099 1574 est3
1132 1494 1277 1580 reliquos
1308 1513 1383 1559 non

373 1602 509 1691 moror),
534 1602 621 1666 absit
642 1601 746 1666 uerbo
770 1601 923 1680 invidia,
944 1623 1011 1667 666
1037 1609 1104 1667 tam
1128 1602 1383 1686 quaestionibus

375 1711 473 1775 finem
500 1710 679 1794 imponere,
705 1727 800 1792 quam
833 1707 874 1772 ad
910 1710 1120 1795 quaestiones
1157 1708 1264 1773 denuo
1298 1728 1385 1794 per-

375 1815 567 1883 tractandas
591 1833 728 1878 movere
750 1813 909 1900 possunt.
947 1814 1078 1902 Indiget
1113 1833 1193 1881 vero
1231 1818 1386 1882 omnium

376 1925 520 1989 maxime
542 1922 635 1987 loeus
659 1921 745 1985 Livii
770 1920 905 1998 21‚1-20
928 1922 1040 2008 paullo
1064 1924 1261 1989 curiosioris
1285 1924 1387 1988 inve·

375 2030 576 2115 stigationis,
602 2029 720 2114 quippe
744 2029 777 2092 in
803 2048 866 2112 quo
902 2048 969 2093 non
1005 2023 1086 2094 satis
1122 2030 1178 2095 diu
1214 2032 1390 2096 immorati

377 2141 445 2203 sint
468 2137 589 2214 critici,
615 2135 813 2202 festinantes
838 2134 1013 2215 6112121,
1040 2159 1058 2202 6
1083 2159 1147 2222 quo
1172 2138 1247 2203 inde
1273 2139 1387 2223 eapite

373 2245 515 2328 vestigia
539 2242 668 2306 demum
693 2243 838 2327 Polybii,
864 2262 948 2326 quae
973 2250 1069 2308 antea
1093 2245 1150 2310 hic
1184 2252 1282 2330 atque
1308 2245 1384 2311 illic

374 2347 599 2416 tantummodo
623 2348 935 2434 deprehenduntur,
960 2352 1119 2416 continua
1156 2358 1188 2417 et
1218 2359 1387 2438 perpetua

374 2459 471 2532 finnt,
498 2456 679 2540 quaesituri
704 2457 833 2523 scilieet
848 2460 1162 2546 utrumPatavinus
1176 2460 1211 2523 in
1224 2459 1318 2523 libris
1335 2459 1382 2524 21

372 2572 405 2632 61
429 2564 644 2648 sequentibus
667 2564 808 2649 Polybio
834 2566 943 2630 sitan
967 2586 1034 2629 666
1059 2567 1101 2630 611
1125 2587 1212 2644 usus,
1239 2574 1317 2644 tum,
1349 2569 1385 2631 si

371 2675 423 2749 sit,
449 2693 469 2737 a
493 2691 556 2756 quo
580 2671 658 2736 inde
683 2671 726 2736 sit
749 2673 867 2756 capite.
897 2673 1069 2758 (Polybius
1093 2675 1217 2738 bellum
1248 2695 1385 2759 quoque

372 2781 532 2844 Punicum
557 2777 740 2844 secundum
757 2781 790 2843 in
807 2779 957 2844 historiis
983 2781 1051 2844 suis
1069 2781 1255 2866 descripsit:
1281 2783 1383 2847 multi

372 2892 551 2974 supersunt
574 2885 662 2963 libri,
688 2887 721 2949 in
746 2886 798 2950 his
821 2888 948 2964 tertius,
974 2889 1008 2952 in
1033 2909 1096 2972 quo
1121 2889 1234 2954 eadem
1258 2896 1384 2955 auctor

371 2996 583 3083 persequitur
606 3013 690 3078 quae
714 2993 826 3058 Livius
863 2995 895 3058 in
929 2996 1007 3060 libr.
1040 2995 1081 3060 21
1119 3003 1152 3062 61
1186 2995 1257 3083 22).
1285 2997 1382 3068 Quae

372 3102 504 3190 quidem
526 3101 676 3185 quaestio
700 3120 739 3164 ea
762 3103 960 3184 praesertim
985 3102 1024 3167 de
1048 3121 1146 3167 causa
1169 3124 1384 3189 summopere

373 3210 604 3287 6611111161116,
631 3209 718 3293 quod
742 3231 784 3274 er
808 3212 848 3274 iis
873 3211 929 3295 qui
953 3232 1006 3277 res
1030 3214 1065 3276 in
1096 3214 1167 3278 loco
1204 3215 1290 3279 Livii
1315 3216 1383 3281 isto

372 3324 528 3384 narratas
553 3324 631 3383 6616
658 3318 790 3382 Livium
807 3318 925 3382 litteris
943 3320 998 3384 vel
1024 3317 1161 3385 Graecis
1178 3323 1232 3385 vel
1250 3323 1385 3387 Latinis

373 3425 584 3502 mandarunt,
598 3444 683 3488 unus
700 3426 830 3510 integer
847 3433 999 3511 superest
1015 3427 1189 3512 Polybius,
1203 3436 1386 3513 praeterea

373 3553 470 3599 nemo
488 3533 561 3598 fere
586 3553 604 3598 e
628 3532 807 3616 naufragio
830 3538 983 3598 veterum
1007 3535 1197 3601 litterarum
1215 3537 1381 3603 enatavit.

416 3638 465 3706 Sit
488 3640 585 3704 nobis
610 3639 712 3724 igitur
735 3641 949 3724 propositum,
974 3661 1088 3725 pauca,
1114 3641 1296 3728 eademque
1312 3662 1383 3706 non

373 3747 496 3823 aliena,
517 3747 576 3812 sed
592 3753 660 3812 tota
685 3752 810 3823 nostra,
828 3746 867 3811 de
886 3748 1032 3813 fontibus
1054 3749 1119 3813 Titi
1137 3750 1222 3813 Livii
1239 3749 1384 3827 erl-20

373 3852 557 3918 disserere.
575 3854 679 3927 Quam
704 3855 931 3938 quaestionem
955 3856 1148 3940 relinquere
1161 3863 1300 3941 possunt
1324 3861 1383 3942 qui

374 3959 552 4025 historicos
580 3966 695 4044 agunt,
722 3961 841 4046 quibus
866 3963 1024 4026 nimirum
1050 3963 1130 4027 satis
1155 3970 1204 4028 est
1228 3963 1383 4028 conside-

374 4086 477 4146 rasse,
502 4067 638 4133 ubinam
664 4088 775 4134 rerum
799 4071 976 4158 scriptores
998 4071 1087 4135 inter
1109 4092 1143 4138 se
1166 4071 1220 4136 vel
1245 4091 1383 4138 consen·
