3046 5096
363 405 399 443 on
420 407 555 446 rourmos
574 407 631 445 rrrr
650 407 707 446 rnvr
726 393 770 457 21,
785 392 846 444 1-20
1043 395 1074 446 71

21 559 23 584 t
116 535 226 599 genere
243 515 479 600 obiissetznisi
496 515 583 600 quod
599 516 703 581 multo
718 516 825 580 serius
842 513 966 581 addidit
982 536 1041 602 per
1060 538 1114 582 oc·
1152 517 1156 530 '
1235 497 1239 504 ⁴

21 591 23 644 i
115 622 269 687 casionem
285 621 451 687 nonnulla
470 623 526 702 24,
545 623 625 699 443
645 624 818 688 scribens:
850 623 926 688 «ad
955 622 1113 688 Castrum

21 705 23 730 ’
118 755 134 790 u
151 729 255 794 album
263 780 361 795 .....
389 730 482 796 locus
500 736 551 795 est
567 731 707 816 insignis
723 731 825 796 caede
842 733 956 816 magni
979 731 1114 795 Hamil-

117 861 130 896 «
150 838 273 902 caris.»
299 837 511 922 Pugnantem
527 839 666 923 periisse
682 838 908 903 Hamilcarem
926 837 1131 923 colligimus,

21 923 22 942 i
113 963 178 1006 cum
207 963 249 1008 en
280 942 602 1030 Polybiotzlss),
640 952 709 1010 tum
745 945 844 1010 etiam
881 965 924 1009 ex
962 942 1114 1030 Appiano

21 1103 22 1108 ,
115 1050 225 1136 (Η111.
242 1049 289 1137 2);
309 1058 458 1116 ceterum
477 1053 531 1116 isti
548 1072 661 1116 omnes
678 1052 763 1116 nihil
783 1051 946 1116 adiciunt.
963 1051 1026 1116 Sed
1041 1052 1117 1118 Dio-

21 1173 22 1180 *
113 1157 203 1224 dorus
216 1157 283 1245 (25,
300 1159 354 1246 14)
374 1158 537 1224 nonnulla
550 1166 726 1244 praeterea
740 1160 856 1224 habet:
871 1159 1110 1236 Hamilcarem,

113 1263 179 1329 dum
209 1266 326 1330 urbem
347 1266 497 1331 Helicem
519 1273 620 1344 Ελικὴν
638 1265 688 1360 (de
713 1269 777 1332 hac
801 1268 898 1344 urbe,
913 1286 997 1352 quae
1020 1267 1114 1332 nulla

21 1379 22 1390 ¹
113 1393 245 1458 unquam
263 1373 335 1451 fuit,
350 1374 447 1438 multi
472 1374 577 1439 multa
602 1376 822 1442 somniarunt.
851 1375 938 1442 Vide
962 1377 998 1439 in
1026 1376 1114 1440 notis

112 1479 146 1542 ad
163 1479 349 1557 Diodorum,
371 1482 399 1544 si
424 1499 509 1565 quae
533 1483 567 1545 in
592 1482 791 1548 editionibus
827 1483 930 1548 huius
963 1483 1116 1547 historici

114 1593 241 1653 entant:
261 1588 460 1653 mendicam
478 1609 642 1673 quaenam
660 1592 739 1655 urbs
754 1593 797 1654 sit
813 1587 1045 1676 intelligenda)
1063 1590 1116 1654 ob-

21 1679 22 1696 *
112 1695 232 1773 uideret,
253 1702 442 1781 superatum
468 1697 588 1762 fraude
605 1704 637 1762 et
654 1697 782 1761 insidiis
800 1697 904 1763 fuisse
930 1717 949 1761 a
974 1695 1113 1782 quodam

112 1804 283 1888 Hispaniae
300 1823 390 1887 rege,
416 1824 555 1891 cumque
579 1806 606 1868 is
629 1823 693 1868 ren
718 1823 791 1869 eum
816 1806 1062 1888 insequeretur,
1080 1807 1114 1868 in

113 1908 239 1975 fluorine
259 1911 400 1996 quodam
425 1914 528 1976 vitam
553 1913 711 1976 amisisse.
746 1911 827 1974 Cum
858 1911 1000 1976 Diodoro
1036 1931 1114 1976 con-

111 2021 200 2084 sentit
224 2022 371 2084 lustinus
397 2018 507 2105 (44‚5‚
524 2015 566 2106 4),
589 2019 761 2084 scribens:
790 2018 856 2083 «11
872 2018 1022 2082 insidior
1050 2020 1114 2082 dc-

111 2125 230 2191 dnctns
246 2126 410 2192 occiditur
426 2154 455 2190 ».
480 2129 567 2192 Mira
585 2111 704 2193 narrat
728 2127 767 2192 de
792 2128 882 2193 hisce
906 2127 1035 2192 insidiis
1052 2125 1116 2212 Ap·

110 2235 217 2316 planus
242 2233 306 2321 (lo.
332 2233 378 2323 5).
410 2235 558 2319 Denique
596 2236 774 2303 Cornelius
809 2236 916 2320 Nepos
950 2233 1110 2320 (Homt'lc.

110 2339 175 2429 aa)
187 2349 422 2406 commemorat
435 2331 603 2407 nationem
618 2344 652 2406 in
667 2364 765 2428 quam
777 2363 930 2429 pugnans
944 2339 1115 2408 Hamilcar

109 2449 232 2512 occisus
263 2449 348 2513 fuit:
381 2450 565 2516 Vettonum
603 2455 675 2514 erat
706 2451 808 2515 natio.
839 2450 976 2514 Minime
1011 2450 1115 2534 igitur

109 2553 293 2640 discrepant
317 2556 405 2618 inter
440 2574 475 2620 se
510 2561 664 2620 auctores
694 2558 729 2621 in
764 2563 870 2621 morte
904 2556 1112 2622 Hamilcaris

108 2661 275 2740 tradenda,
302 2664 363 2728 etsi
398 2663 484 2728 alius
522 2663 588 2727 alia
614 2669 742 2742 narrat,
778 2665 923 2729 minime.
951 2664 1113 2730 —Nunc

108 2768 208 2834 dicam
233 2770 273 2835 de
305 2772 388 2835 urbe
424 2771 492 2836 illa.
533 2773 639 2837 Miror
673 2778 783 2837 autem
810 2775 938 2837 nemini
965 2792 1114 2857 unquam

108 2877 186 2942 haec
208 2885 382 2964 perspecta
401 2879 525 2944 fuisse:
552 2880 713 2944 Vettones
731 2880 925 2945 incolebant
942 2881 1113 2966 regionem

107 3005 188 3068 quae
223 2991 275 3051 est
302 2986 392 3050 inter
415 2987 559 3051 Durium
599 2992 632 3050 et
666 2987 792 3071 Tagum
828 2984 965 3051 flumina
1002 2986 1114 3074 (hodie

21 3117 22 3120 ¹
106 3092 376 3179 Estrcmoduro)
411 3099 619 3157 montuosam
644 3093 745 3170 illam,
770 3112 928 3178 pecorum
953 3081 1114 3160 feracem.

21 3213 22 3276 g
107 3200 208 3286 Caput
246 3201 389 3264 nationis
429 3201 646 3268 Salmantica
684 3208 756 3266 erat
789 3203 858 3267 siue
884 3200 1114 3268 Hermontt'co

107 3306 347 3396 (1112151)
372 3314 686 3394 graece‘Elurvunq,
709 3310 797 3390 (Pol.
824 3309 853 3387 3,
874 3308 985 3396 tna),
1011 3309 1110 3374 hodie

105 3414 321 3482 Solomonco.
361 3415 469 3489 Quum
505 3409 608 3502 igitur
638 3423 770 3482 constet
805 3419 840 3480 in
872 3414 1032 3481 Vettones
1055 3437 1113 3500 pu·

21 3517 22 3526 ’
105 3528 262 3606 guantem
296 3524 522 3589 Hamilcarem
560 3527 703 3591 occisum
727 3524 857 3602 luisse,
889 3524 984 3588 cuius
1018 3529 1114 3608 caput

105 3632 214 3713 gentis
224 3636 476 3714 1111Ἑλμανεική
487 3631 643 3718 quidnam
656 3651 853 3698 censeamus
868 3633 931 3696 nisi
945 3629 1030 3717 apud
1040 3631 1116 3695 Dio-

105 3736 220 3801 dorum
245 3739 310 3802 iam
326 3738 503 3824 legendum
521 3759 594 3804 esse
612 3759 679 3804 non
697 3743 796 3817 Ἑλική
819 3737 1113 3827 sed‘lnqurnqu

148 3845 263 3929 Neque
275 3865 367 3924 vere,
391 3853 429 3912 11
452 3846 494 3912 ad
518 3853 667 3911 nostrum
693 3854 863 3911 auctorem
883 3846 1031 3918 redeam,
1050 3844 1116 3909 dis-

106 3959 244 4038 crepant
260 3955 295 4016 in
313 3975 351 4019 eo
369 3958 403 4018 in
421 3974 486 4040 quo
503 3954 804 4018 Weissenbornius
829 3960 943 4018 censet
968 3953 1018 4040 (al
1035 3954 1110 4018 Liv.

105 4060 291 4147 ximat)
327 4061 488 4126 Diodorus
522 4068 553 4126 et
578 4061 705 4125 Livius,
746 4060 800 4124 nit
825 4061 913 4125 enim
942 4061 1115 4127 Weissen-
