3164 5104
419 351 454 408 to
742 367 778 410 lu
798 367 946 410 curunnuu
966 353 1043 423 95st

382 478 532 563 loquitur
556 478 597 544 de
620 479 801 546 annalibus
826 483 965 548 Tanusii
982 483 1166 560 cuiusdam,
1191 503 1313 550 nomen
1330 503 1411 550 ma-

384 585 453 652 lum
469 586 615 672 adeptis:
645 589 815 655 cannales
842 593 982 657 Tanusii
1012 592 1077 656 scis
1100 611 1198 676 quarn
1222 592 1414 678 ponderosi

309 765 311 772 .
385 692 466 780 (iton
490 696 615 762 decori
632 713 705 782 pro
724 697 924 784 ponderosi
941 699 1040 763 etiam
1058 693 1251 786 exhibetur)
1266 707 1298 764 et
1314 701 1414 783 quid

382 808 553 868 uocantur
569 828 599 867 u.
623 803 751 878 Quibus
769 806 882 871 verbis
907 806 997 892 qnid
1021 811 1189 872 nocentur
1212 807 1413 874 acutissime

383 909 463 976 olim
487 912 598 976 Iustus
622 910 752 998 Lipsius
774 913 962 979 arbitratus
997 920 1046 978 cst
1073 913 1217 998 intelligi
1245 919 1416 980 cauatam

384 1019 665 1107 cliartaniillam.
683 1019 736 1086 Ad
753 1021 854 1106 Lipsii
872 1023 1073 1087 sententiam
1090 1028 1201 1088 autem
1218 1042 1289 1087 non
1307 1021 1413 1088 modo

383 1128 513 1195 accedit
528 1127 691 1216 Hauptius
710 1128 818 1217 (sicuti
835 1150 950 1217 omnes
968 1130 1133 1197 accedere
1149 1137 1298 1217 possunt,
1310 1130 1414 1196 dum-

384 1236 479 1316 modo
492 1242 661 1324 tamquam
676 1237 718 1303 ad
731 1239 931 1304 sententiam
945 1238 1238 1324 probabilemnon
1251 1237 1410 1326 certam),

382 1361 502 1410 rarum
518 1344 597 1409 inde
620 1345 790 1430 profectus
815 1344 920 1410 multo
945 1347 1046 1410 etiam
1069 1345 1204 1430 longius
1220 1345 1279 1414 sed
1295 1346 1410 1412 multo

383 1454 493 1518 minus
516 1460 588 1518 tuto
604 1452 831 1540 progreditur.
850 1452 1020 1538 Siquidem
1037 1453 1201 1538 Hauptius
1223 1454 1409 1532 existimat,

272 1646 275 1651 Ι
384 1562 413 1624 si
430 1560 530 1647 Lipsii
548 1566 616 1626 stet
642 1560 849 1638 coniectura,
874 1560 953 1625 inde
978 1559 1064 1626 effici
1088 1580 1206 1625 verum
1230 1559 1411 1627 dilacerati

382 1672 499 1750 poetae
524 1685 645 1731 nomen
674 1667 867 1733 Tanusiurn
893 1668 1010 1744 luisse,
1037 1688 1104 1732 non
1137 1667 1329 1734 Volusium.
1360 1669 1406 1732 ln

381 1755 448 1857 quo
473 1793 534 1860 ego
557 1794 625 1839 non
650 1776 784 1840 omnino
808 1775 977 1840 assentior
1001 1775 1157 1862 Hauptio,
1175 1796 1275 1861 quum
1291 1777 1408 1861 potius

384 1881 519 1949 credam
555 1889 685 1969 poetam
721 1883 817 1948 illum
852 1889 994 1967 utroque
1029 1884 1166 1948 nomine
1196 1883 1408 1968 appellatum

382 1990 501 2056 fuisse:
533 1992 692 2058 Volusius
723 1992 902 2056 Tanusius
925 1992 978 2055 vel
1008 1991 1186 2057 Tanusius
1220 1990 1401 2069 Volusius,

383 2097 465 2166 adeo
491 2104 538 2176 ut,
571 2100 680 2165 altero
716 2101 838 2165 omisso
872 2100 1008 2163 nomino
1032 2105 1100 2163 tam
1123 2097 1207 2163 bene
1238 2097 1409 2164 Volusius

383 2227 482 2290 quam
511 2208 693 2274 Tanusius
715 2213 907 2273 vocaretur.

428 2315 573 2402 Longius
604 2335 801 2402 progressus
832 2315 1006 2401 Hauptius,
1033 2313 1155 2380 collato
1179 2315 1277 2392 Suet,
1303 2314 1402 2380 Caes.

384 2421 430 2488 9:
458 2447 475 2484 a
508 2425 576 2490 Nec
601 2444 639 2489 eo
671 2426 788 2489 secius·
811 2424 939 2489 maiora
969 2444 1048 2489 mox
1080 2427 1114 2487 in
1146 2423 1230 2489 urbe
1262 2423 1400 2488 molitus
1440 2501 1444 2508 Ι

386 2556 403 2590 e
421 2536 482 2596 est.
508 2532 677 2618 Siquidem
709 2538 787 2597 ante
816 2551 939 2618 paucos
965 2531 1034 2596 dies
1069 2551 1168 2615 quam
1191 2531 1402 2596 aedilitatem

384 2663 402 2698 a
420 2639 532 2720 iniret,
549 2642 644 2707 venit
659 2643 694 2706 in
708 2641 928 2726 suspicionem
951 2639 1162 2724 conspirasse
1187 2627 1261 2704 cum
1281 2639 1401 2704 Marco

384 2773 402 2810 a
420 2746 541 2816 Crasso
566 2748 751 2829 consulari,
768 2750 848 2812 item
872 2747 990 2812 Publio
1014 2747 1107 2812 Sulla
1125 2753 1158 2812 et
1174 2748 1213 2813 L.
1229 2747 1399 2812 Autronio

383 2881 400 2919 a
418 2864 491 2945 post
506 2859 771 2943 designationem
787 2854 983 2921 consulatus
997 2856 1140 2922 ambitus
1154 2854 1398 2932 condemnatis,

385 2973 455 3032 «ut
478 2968 643 3053 principio
679 2964 760 3030 anni
795 2969 946 3029 senatum
979 2963 1209 3040 adorirentur,
1236 2968 1269 3028 et
1291 2963 1398 3028 truci-

383 3099 400 3134 «
419 3071 506 3140 datis
531 3095 613 3162 quos
636 3071 794 3159 placitum
813 3078 907 3148 esset,
926 3070 1127 3137 dictaturam
1143 3071 1287 3137 Crassus
1300 3071 1399 3134 inva-

383 3208 400 3242 ‹
419 3183 525 3264 deret,
552 3185 620 3268 ipse
637 3183 679 3247 ab
697 3201 735 3247 eo
759 3181 920 3265 magister
937 3180 1086 3265 equitum
1103 3179 1284 3256 diceretur,
1304 3197 1401 3244 cons-

385 3318 402 3354 «
418 3291 582 3376 titutaque
600 3289 643 3356 ad
657 3290 832 3354 arbitrium
850 3306 888 3353 re
904 3286 1049 3373 publica,
1065 3286 1179 3352 Sullae
1198 3291 1230 3350 et
1242 3285 1398 3352 Autrono

384 3397 612 3466 «consulatus
648 3398 887 3462 restitueretur
912 3392 969 3482 (l).
1007 3394 1249 3460 Menu'nerunt
1288 3391 1400 3456 leuius

383 3506 675 3576 «coniurationis
718 3503 896 3571 Tanusius
936 3502 1101 3569 (lanuinus
1140 3503 1180 3568 in
1225 3501 1394 3577 historia,

385 3617 554 3683 «Marcus
577 3603 717 3680 Bibulus
740 3612 776 3679 in
801 3611 931 3689 edictis,
957 3613 996 3679 C.
1016 3611 1115 3677 Curio
1139 3614 1235 3695 pater
1259 3609 1294 3673 in
1319 3627 1398 3673 ora-

382 3792 595 3808 w

315 3951 319 3962 ¹
417 3884 455 3951 (1)
475 3878 549 3938 Haeo
562 3887 607 3938 ast
619 3884 696 3937 faeta
708 3876 876 3938 coniuriatio
890 3879 1006 3935 ineunte
1019 3893 1091 3932 anno
1104 3874 1139 3933 U.
1153 3876 1180 3932 (1.
1194 3871 1392 3930 bunxxxrx

378 3969 419 4030 Ct.
437 3979 583 4046 praeterea
613 3973 730 4031 Sallust.
753 3973 813 4030 Cat.
836 3965 877 4040 18,
910 3970 994 4028 Dion.
1018 3969 1091 4026 Cass.
1113 3968 1211 4035 aaut,
1233 3969 1335 4021 Asson.
1358 3968 1390 4020 in

378 4073 432 4136 top.
451 4065 534 4120 caud.
553 4063 638 4119 Orcll.
657 4079 687 4140 p.
702 4063 745 4119 93.
765 4061 869 4117 Kiessl.
890 4079 917 4134 p.
937 4061 980 4115 82.
