3046 5096
478 435 516 473 an
535 437 634 476 urvruu
652 419 776 486 23‚17‚7
1054 411 1097 478 ’85

133 560 187 610 uae
220 546 346 623 notitia,
379 565 486 631 neque
521 555 600 613 ante
635 547 837 614 coniecturis
871 543 1127 636 indulgendum,

131 673 219 737 quam
242 654 395 721 omnibus
426 655 561 760 penitus
579 655 710 721 haustis
734 674 820 740 quae
843 675 863 720 a
886 653 1010 722 Nostro
1033 663 1131 722 oete-

131 762 234 846 risque
257 781 370 825 rerum
394 769 566 846 gestarum
590 763 809 848 scriptoribus
825 762 1015 842 traduntur,
1032 763 1074 829 ad
1092 783 1132 830 ea

129 870 307 948 lectionem,
335 890 434 954 quam
457 871 571 956 optimi
596 870 725 937 codices
750 871 921 949 exhibent,
947 873 1127 958 exegeris:

127 976 203 1042 illud
226 986 338 1065 autem
357 980 507 1064 primum
539 981 703 1062 nusquam
736 997 775 1043 ea
805 977 981 1063 diligentia
1005 979 1131 1044 factum

128 1082 216 1151 video
252 1092 378 1172 quauta
412 1087 448 1150 in
482 1086 584 1150 rebus
619 1087 721 1150 tantis
756 1085 948 1150 necessaria
984 1084 1133 1171 videtur,

127 1211 320 1278 quamquam
344 1193 455 1260 taedet
479 1192 638 1259 iudicium
661 1193 723 1260 sibi
747 1192 787 1258 de
812 1193 933 1259 alienis
958 1193 1131 1261 laboribus

127 1319 268 1367 sumere.

208 1409 267 1473 ΙΙΙ.
305 1407 399 1475 Nunc
434 1415 612 1494 antequam
647 1411 752 1475 verba
792 1409 919 1476 liviana
955 1405 1135 1478 emendare

18 1565 20 1604 3
125 1513 310 1598 aggrediar,
335 1536 438 1580 unum
463 1515 664 1582 monendum
695 1515 845 1596 videtur,
872 1537 980 1602 neque
1012 1517 1044 1584 id
1067 1538 1135 1584 non

18 1635 19 1680 f
124 1624 357 1700 necessarium,
385 1623 454 1688 sive
480 1642 628 1709 eaquae
653 1621 746 1688 infra
764 1629 842 1688 sunt
865 1643 884 1688 a
909 1624 1006 1690 nobis
1030 1623 1136 1711 dispu-

18 1791 19 1808 ,
126 1725 230 1806 tanda,
261 1730 331 1794 sive
364 1731 463 1794 etiam
493 1749 626 1794 sensum
661 1730 761 1795 totius
796 1731 862 1796 loci
897 1737 1037 1816 spectes.
1071 1733 1136 1797 Ni-

18 1815 20 1874 5
125 1836 240 1900 mirum
275 1841 409 1920 praeter
444 1836 503 1900 illa
537 1856 622 1924 quae
653 1838 719 1900 iam
747 1835 876 1921 pridem
902 1837 1164 1906 animadversa

18 1959 19 2028 j
124 1949 200 2007 sunt
229 1950 328 2030 atque
364 1945 510 2008 omnium
554 1965 717 2010 consensu
754 1943 986 2010 emendatione
1023 1953 1133 2030 egent,

18 2079 19 2148 p
125 2056 212 2114 extat
247 2052 282 2114 in
317 2051 408 2117 hisce
432 2053 546 2117 verbis
572 2051 739 2136 particula
763 2049 938 2138 quaedam,
966 2053 1135 2118 cuiusvis

18 2221 19 2232 ,
124 2177 289 2243 uunquam
313 2159 459 2224 fortasse
485 2159 648 2243 quaesita,
674 2157 766 2225 certe
789 2159 936 2225 nondum
953 2159 1136 2245 explanata

18 2249 19 2278 ³
124 2266 162 2329 ab
186 2267 427 2350 interpretibus
452 2267 636 2333 invenitur.
662 2267 754 2332 Haec
779 2273 832 2331 est
856 2266 1021 2352 particula
1051 2286 1137 2352 quo·

18 2449 19 2460 ¹
125 2391 209 2454 que:
236 2392 321 2456 quae
346 2373 503 2458 quidnam
527 2374 590 2439 sibi
614 2374 709 2451 velit,
735 2393 812 2460 age,
842 2375 963 2439 ceteris
980 2374 1135 2440 omnibus

126 2479 155 2540 in
182 2481 373 2564 praesentia
404 2479 530 2561 dilatis,
561 2486 720 2546 accurate
750 2481 1031 2567 pervestigamus.
1055 2479 1136 2546 Post

123 2609 264 2673 pugnam
289 2589 331 2655 ad
355 2589 493 2655 Cannas
532 2592 751 2670 commissam,
775 2591 908 2676 reliqua
932 2597 1028 2678 parte
1054 2591 1136 2656 anni

123 2717 153 2759 u.
180 2717 209 2760 c,
235 2696 453 2775 DXXXVIH,
475 2697 664 2765 Hannibali
688 2719 744 2763 res
761 2699 794 2762 in
812 2697 993 2786 Campania
1012 2698 1134 2783 partim

122 2823 277 2889 prospere
294 2803 457 2870 cedebant
477 2803 530 2892 (ea
550 2806 679 2871 scilicet
696 2804 735 2870 de
752 2825 863 2884 causa,
888 2805 984 2891 quod,
1008 2825 1046 2872 re
1067 2805 1136 2870 Ro-

120 2932 229 2988 mana,
249 2919 284 2978 ut
301 2914 346 2978 ita
363 2893 480 2992 dicam,
499 2915 643 2995 concisa,
663 2912 955 2990 abalienabantur,
974 2917 1011 2977 ut
1027 2911 1136 2976 ferme

18 3021 19 3104 J
119 3020 173 3100 lit,
198 3020 362 3095 sociorum
386 3020 581 3108 populorum
598 3020 726 3106 animi),
743 3022 866 3107 partim
886 3007 976 3098 reru,
996 3020 1135 3086 fortuna

18 3133 19 3136 ’
118 3147 156 3191 se
179 3127 375 3204 inclinante,
400 3128 508 3193 minus
531 3149 699 3215 prospere.
719 3127 893 3213 Siquidem
918 3127 1135 3194 traduntura

118 3235 337 3321 scriptoribus
360 3235 482 3300 harum
521 3255 637 3302 rerum
663 3237 832 3301 nonnulla
865 3242 944 3303 tunc
978 3236 1136 3322 temporis

18 3397 19 3436 3
117 3343 223 3423 lacta,
249 3363 292 3408 ex
315 3343 433 3427 quibus
450 3348 543 3409 recte
561 3363 660 3409 casus
676 3343 869 3410 huiusmodi
882 3344 1041 3410 fortunae
1058 3362 1137 3408 con·

18 3527 19 3534 χ
115 3450 363 3536 versionesque
373 3450 546 3516 coniicias:
567 3456 711 3517 auctore
728 3451 858 3528 Trebio
872 3450 1059 3536 Compsano
1076 3449 1136 3514 ho-

116 3559 218 3634 mine,
229 3556 369 3644 Compsa
381 3558 462 3624 urbs
477 3558 550 3630 sine
563 3578 658 3624 mora
672 3559 798 3644 absque
812 3557 999 3624 certamine
1012 3555 1136 3623 tradita

18 3749 19 3766 ἵ
115 3671 170 3730 est
183 3665 519 3750 Carthaginiensibus
544 3664 670 3753 (Livius
686 3665 795 3753 23,l);
816 3668 894 3731 item
915 3667 1040 3750 Capua,
1058 3684 1138 3730 auc·

18 3795 19 3818 ³
114 3771 247 3838 toribus
270 3774 419 3839 Pacuvio
443 3772 586 3838 Calavic
605 3778 638 3838 et
663 3772 764 3839 Vibio
789 3773 919 3850 Virrio,
948 3769 1062 3836 adens
1080 3771 1137 3837 de-

114 3882 200 3947 fecit
224 3878 352 3968 (Livius
377 3879 459 3961 232
475 3877 600 3967 seqq).
629 3879 697 3945 Sed
708 3901 836 3958 rursuS,
852 3881 989 3946 summis
1005 3880 1135 3944 viribus

113 3986 289 4055 adnitente
313 3989 457 4052 maxime
482 3987 525 4052 M.
552 3987 697 4054 Claudio
722 3988 887 4052 Marcello
912 3987 994 4052 duce
1017 3990 1136 4054 Roma-

113 4115 254 4172 norum,
281 4097 431 4180 quirem
458 4097 491 4159 iu
529 4095 713 4180 Campania
745 4101 881 4180 praetor
916 4094 1054 4180 gerebat
1080 4093 1132 4184 (ob
