3046 5096
455 375 491 428 72
680 391 716 430 nn
736 376 873 431 ronmnus
891 391 948 432 τιτι
969 391 1026 432 n1v1
1044 377 1090 443 21,
1105 377 1170 430 l-ao

372 485 377 500 ¹
419 497 557 567 bornius
582 493 830 568 Hasdrubalem
853 504 969 568 vocari
993 501 1079 588 apud
1100 503 1235 568 Liuium
1255 505 1423 588 'generum

419 607 622 674 Hamilcaris
648 607 733 698 (Liv.
760 610 853 692 XXI,
867 608 952 698 2,4),
988 630 1087 695 quum
1120 609 1288 674 Diodorus
1317 610 1424 676 tradat

419 715 664 781 Hasdrubalem
698 736 838 782 uxorem
870 717 973 789 filiam
998 720 1089 802 regis
1124 716 1243 783 Hiberi
1278 716 1423 783 duxisse.

417 821 585 910 Siquidem
608 823 722 910 paucis
746 831 825 891 ante
848 825 962 890 verbis
985 824 1148 890 Diodorus
1180 827 1249 910 ipse
1275 845 1342 890 non
1368 825 1425 889 mi-

418 949 482 994 nus
506 950 605 1017 quam
629 931 743 996 Livius
764 921 888 1019 γᾱμβρόν
905 929 1104 996 Hamilcaris
1117 931 1264 1017 appellat
1278 931 1425 997 Hasdru-

416 1037 539 1102 balem.
566 1037 650 1111 Quid
674 1043 723 1103 est
747 1039 850 1121 igitur
874 1037 1111 1103 statuendum?
1128 1037 1221 1103 Istud
1245 1038 1281 1103 ni
1304 1037 1422 1104 fallor:

417 1143 662 1210 Hasdrubalem
687 1145 772 1212 duas
791 1145 962 1210 minimum
984 1165 1110 1212 uxores
1134 1143 1281 1224 duxisse,
1307 1145 1379 1210 sive
1394 1145 1424 1209 id

346 1305 349 1314 .
417 1251 499 1318 fecit
522 1253 634 1338 priore
663 1252 729 1318 iam
765 1261 906 1332 mortua,
946 1252 1016 1318 siue
1053 1252 1153 1318 etiam
1178 1253 1291 1337 priore
1314 1253 1426 1320 etiam·

417 1366 487 1425 tum
511 1361 601 1428 viva.

406 1515 409 1520 >
505 1467 615 1535 XVII.
641 1469 843 1553 Negavimus
861 1467 995 1534 Livium
1019 1466 1216 1552 aPolybio,
1231 1468 1425 1554 negavimus

416 1582 594 1661 utrumque
610 1576 652 1640 ab
673 1575 789 1666 iisdem
813 1575 1005 1641 auctoribus
1021 1579 1208 1640 mutuatum
1224 1595 1284 1640 sua
1307 1575 1420 1640 fuisse.

416 1683 597 1757 Quaeritur
613 1680 703 1747 unde
715 1683 858 1768 vestigia
875 1683 935 1746 illa
954 1682 1024 1747 Pol.
1044 1681 1130 1768 apud
1146 1683 1214 1748 niv.
1228 1681 1428 1760 tta-aore-

415 1810 497 1856 vera
510 1791 576 1855 sint
589 1789 781 1875 repetenda.
791 1790 829 1854 ln
842 1808 1040 1876 unaquaque
1053 1787 1093 1854 de
1103 1789 1253 1854 fontibus
1263 1790 1426 1855 Romano·

366 1959 367 1962 ,
415 1917 490 1963 rum
505 1897 741 1963 historicorum
765 1899 959 1982 quaestione
983 1916 1002 1960 a
1019 1896 1184 1982 singulari
1202 1895 1345 1980 quodam
1361 1898 1426 1962 Ro-

414 2024 590 2070 manorum
608 2005 758 2086 instituto
776 2005 908 2068 initium
926 2002 1116 2068 faciendum
1135 2011 1232 2089 puto,
1259 2024 1279 2069 a
1302 2023 1367 2089 quo
1391 2005 1423 2067 in

414 2111 603 2177 huiusmodi
639 2111 915 2195 disputationibus
951 2129 1053 2176 nemo.
1086 2117 1247 2196 quantum
1286 2113 1424 2178 memini

414 2240 509 2284 orsus
534 2225 596 2284 est.
622 2217 826 2283 Ordiendum
850 2219 1008 2283 nimirum
1033 2239 1052 2284 a
1075 2220 1219 2303 pristino
1237 2219 1425 2304 antiquissi-

414 2346 532 2411 moque
568 2325 659 2390 fonte
695 2345 810 2390 rerum
846 2315 1076 2391 Romanarum
1100 2327 1263 2403 omnium,
1288 2325 1332 2390 ab
1367 2326 1425 2390 illo

414 2433 541 2498 scilicet
565 2434 716 2498 instituto
741 2432 828 2520 quod
853 2453 973 2498 novam
1010 2431 1215 2518 eandemque
1240 2433 1424 2498 solemnem

413 2541 574 2606 historiae
598 2539 862 2606 conscribendae
886 2540 1049 2605 rationem
1066 2539 1154 2625 apud
1178 2541 1349 2606 Romanos
1367 2562 1422 2627 pe·

413 2649 520 2734 perit;
549 2650 594 2713 ita
619 2649 706 2713 enim
731 2667 818 2712 nora
842 2648 977 2713 omnino
995 2647 1054 2712 lux
1079 2646 1139 2712 toti
1164 2654 1299 2713 nostrae
1324 2669 1425 2734 quae·

412 2756 514 2822 stioni
538 2755 774 2822 admovebitur.

457 2863 605 2949 Namque
640 2863 727 2948 apud
762 2864 917 2947 antiquos
952 2863 1119 2929 Romanos
1155 2869 1229 2929 erat
1263 2865 1298 2928 in
1323 2851 1423 2931 officii

411 2978 507 3058 parte
530 2969 705 3036 Pontificis
728 2969 866 3034 Maximi
892 2990 947 3036 res
962 2971 1137 3035 universas
1160 2969 1424 3058 domi'torisque

402 3085 504 3142 *terra
528 3078 693 3162 marisque
728 3084 850 3163 gestae,
887 3097 973 3163 quae
1007 3077 1138 3161 quidem
1163 3076 1283 3162 dignae
1308 3087 1424 3144 essent

303 3199 305 3202 ·
410 3189 606 3261 memoratu,
632 3205 692 3270 per
717 3185 867 3270 singulos
891 3184 961 3249 dies
986 3187 1021 3249 in
1040 3185 1153 3250 tabula
1170 3184 1325 3250 dealbata
1342 3208 1425 3274 quo-

410 3293 523 3357 tannis
547 3296 674 3367 notare‚
699 3312 797 3376 quam
819 3293 967 3356 tabulam
993 3290 1080 3356 domi
1104 3293 1267 3359 Pontifex
1289 3313 1425 3380 propo-

411 3398 520 3476 nebat,
546 3403 691 3485 potestas
715 3404 752 3463 ut
776 3405 859 3464 esset
875 3399 995 3484 populo
1014 3399 1251 3486 cognoscendi.
1269 3399 1333 3473 Qui
1349 3422 1423 3468 mos

412 3505 581 3594 usquead
605 3509 644 3572 P.
670 3506 814 3572 Mucium
834 3505 1036 3572 Pontificem
1061 3506 1242 3571 Maximum
1265 3527 1425 3592 perman-

411 3616 556 3702 sitque
582 3620 732 3699 tempore
767 3614 995 3678 commentarii
1031 3613 1085 3678 isti
1110 3615 1238 3691 annui,
1264 3615 1299 3679 in
1330 3624 1425 3684 octo-

409 3723 502 3806 ginta
524 3722 627 3788 libros
651 3721 779 3806 digesti,
803 3721 952 3786 Annales
975 3720 1131 3787 Moaimc'
1154 3722 1292 3787 fuerunt
1315 3726 1426 3790 nomi-

408 3830 479 3895 nati
495 3828 617 3910 (Cicer,
635 3813 679 3895 de
695 3833 782 3895 orat.
799 3827 942 3907 2,12‚52.
960 3828 1096 3895 Servius
1117 3829 1165 3895 acl
1179 3831 1262 3897 Aac.
1290 3831 1421 3920 1‚377).

408 3936 478 4002 Res
501 3943 618 4002 notatu
641 3942 733 4003 certe
756 3936 970 4021 dignissima:
1003 3958 1102 4023 quum
1128 3939 1217 4003 onim
1241 3958 1302 4023 per
1326 3941 1424 4024 quin-

409 4062 473 4130 que
496 4042 631 4110 saecula
654 4051 727 4130 post
742 4045 780 4111 U.
794 4065 823 4112 c.
838 4045 1017 4111 historicus
1030 4047 1147 4112 nullus
1159 4046 1286 4114 Romae
1299 4064 1424 4134 prove-
