3164 5104
448 351 478 403 18
740 361 776 401 ao
796 361 945 402 caroenum
963 347 989 411 6,
1005 345 1086 400 12-14

403 476 534 542 tissimi.
569 476 671 541 Prior
705 475 793 538 enim
828 492 872 537 ne
907 491 1024 538 versus
1059 471 1193 558 quidem
1233 480 1294 538 est.
1336 471 1414 541 Sive

405 584 494 648 enim
518 583 634 668 legas:

545 747 560 780 c
583 724 661 786 Nam
681 724 712 782 in
733 723 792 783 ista
811 722 981 799 praevalet,
1000 721 1074 781 nihil
1095 727 1204 783 tacere.
1229 743 1244 776 »

405 877 476 942 sivo
500 876 610 962 legas:

544 1059 559 1092 (ι
583 1036 659 1096 Nam
679 1036 710 1094 in
730 1035 787 1095 ista
806 1033 973 1112 praevalet,
994 1033 1071 1092 nihil
1092 1040 1203 1094 tacere.
1228 1053 1242 1086 ›>

404 1189 534 1253 nullum
559 1188 683 1252 iustum
713 1185 834 1251 efficies
858 1183 1184 1270 hendecasyllabum,
1222 1185 1315 1249 cuius
1351 1183 1413 1248 hoc

402 1302 478 1361 erat
500 1295 713 1359 schemaLc
740 1290 907 1357 Acci„
937 1293 997 1355 Lo
1023 1289 1101 1366 12,
1124 1297 1196 1377 post
1211 1291 1307 1356 basin
1322 1309 1415 1354 nam-

305 1383 307 1391 *
406 1422 470 1488 que
493 1402 642 1477 habebis,
667 1419 726 1484 pro
745 1399 875 1482 dactylo
889 1404 922 1463 et
934 1400 1085 1484 sequenti
1103 1398 1271 1474 trochaeo,
1287 1397 1414 1482 amphi-

402 1507 563 1572 brachum
588 1513 620 1570 et
643 1506 838 1571 trochaeum
863 1512 898 1571 ια
914 1507 1098 1590 proevalet
1120 1505 1170 1569 πί.
1198 1504 1346 1569 Versum
1371 1503 1415 1568 12

402 1616 552 1697 corrupit
564 1613 666 1698 igitur
681 1611 823 1697 quidam,
838 1613 941 1695 quiin
955 1610 1184 1676 describendis
1201 1610 1324 1675 Catulli
1339 1630 1415 1674 car-

296 1717 298 1726 ’
401 1719 546 1784 minibus
569 1718 633 1783 hoc
657 1737 758 1782 unum
783 1719 892 1782 tonuit
916 1723 951 1780 ut
967 1717 1120 1782 undecim
1138 1717 1290 1801 syllabae
1303 1714 1416 1780 effice-

400 1831 531 1904 rentur,
543 1831 585 1901 et,
600 1824 677 1890 dum
693 1825 796 1888 iustus
814 1842 975 1888 numerus
990 1823 1199 1908 syllabarum
1212 1825 1245 1887 in
1258 1828 1415 1908 promptu

400 1941 501 2010 esset,
527 1953 566 1999 ea
589 1934 780 2018 posthabuit
803 1952 889 2016 quae
913 1934 999 1997 ratio
1023 1934 1122 1996 metri
1144 1933 1350 2017 requirebat.

443 2039 515 2127 Ego
539 2056 659 2104 novam
683 2041 919 2115 coniecturam,
944 2035 1047 2103 affero
1072 2038 1114 2103 ad
1133 2059 1166 2103 v,
1184 2038 1237 2104 12.
1257 2045 1290 2103 et
1306 2038 1359 2102 13.
1374 2040 1414 2102 In

402 2147 442 2212 14
464 2147 673 2212 Lachmanni
696 2165 818 2229 sequor
830 2147 1064 2222 coniecturam,
1079 2165 1177 2229 quam
1198 2151 1330 2219 vocant,
1356 2144 1414 2209 vel

399 2253 507 2337 potius
532 2252 705 2335 Doeringii
728 2251 970 2327 coniecturam,
997 2270 1096 2335 quam
1119 2252 1244 2316 rectius
1262 2250 1414 2335 appella·
1441 2319 1445 2325 ,

401 2379 522 2439 remus,
549 2366 586 2423 ut
608 2378 687 2422 mox
710 2358 891 2423 ostendam.
905 2358 980 2425 Sed
1003 2359 1219 2444 inspiciamus
1244 2377 1333 2422 nuno
1349 2354 1413 2422 c'ri·

401 2468 542 2532 ticorum
566 2471 765 2531 commenta.
893 2469 897 2476 '

487 2572 528 2639 Il.
555 2572 624 2638 Vix
647 2572 799 2656 intelligo
813 2571 891 2658 quid
908 2572 970 2637 sibi
984 2572 1130 2637 voluerit
1148 2571 1301 2658 Scaliger
1318 2574 1425 2647 cum‚'

400 2684 545 2746 exeunte
574 2679 680 2744 ferme
714 2678 846 2744 saeculo
878 2679 959 2744 XVI
984 2683 1057 2763 post
1084 2677 1253 2744 Christum
1278 2684 1408 2754 natum,

399 2805 519 2852 versus
543 2786 590 2850 sic
614 2783 741 2850 ederet:

559 2949 574 2982 «
596 2927 687 3000 Nam,
710 2926 741 2984 ni
761 2934 876 3003 stupra,
897 2925 980 2984 valet
1001 2924 1076 2984 nihil
1098 2933 1208 2986 tacere.

598 3023 676 3085 (lurl
697 3042 755 3082 non
775 3031 837 3082 tam
856 3023 954 3082 latera
976 3022 1115 3083 exlututa
1136 3025 1270 3099 pandant

597 3123 662 3181 Nec
682 3128 715 3180 tu
736 3121 807 3196 quid
827 3121 919 3180 facias
940 3122 1130 3198 ineptiarum.
1152 3143 1167 3175 >›

443 3277 542 3342 Circa
566 3273 653 3338 idem
677 3280 805 3358 tempus
829 3274 940 3340 Dousa
963 3272 1062 3350 filius,
1088 3272 1205 3338 ordine
1227 3275 1409 3340 verborum

397 3382 539 3447 duorum
562 3381 707 3457 inverso,
731 3382 778 3444 sic
802 3381 953 3465 scripsit:

560 3563 575 3598 «
598 3539 677 3599 Nam
697 3539 742 3596 nil
762 3540 920 3617 praevalet
939 3539 1005 3609 ista,
1025 3540 1069 3598 nil
1090 3545 1201 3600 tacere.
1226 3563 1241 3595 >›

442 3693 621 3770 Guarinus
658 3689 774 3756 ordine
809 3691 991 3756 verborum
1026 3693 1209 3758 eorundem
1244 3695 1323 3760 item
1346 3695 1408 3761 in-

397 3817 508 3878 verso,
534 3818 603 3864 non
628 3799 731 3864 multo
757 3817 853 3864 secus
874 3799 939 3864 sic:

558 3995 575 4036 ‹<
595 3976 674 4036 Nam
688 3963 725 4037 'ni
738 3978 895 4056 praevalet
915 3979 972 4038 ista
996 3978 1039 4038 nil
1060 3985 1187 4041 taceres.
1207 4002 1222 4036 ›>
