3164 5104
438 423 470 474 12
748 434 784 473 nn
804 435 954 474 caroenum
973 421 998 486 2,
1007 418 1056 472 -7-8

399 544 733 610 nomannsermonis
767 564 865 628 quam
899 544 1044 608 maxime
1072 544 1212 608 retinuit
1237 543 1408 609 Catullus:

398 671 549 736 namque,
567 657 604 716 ut
625 651 789 728 nonnulla
806 669 910 736 eaque
926 669 1032 736 panea
1055 669 1221 726 moneam,
1240 655 1410 716 01000111-

398 763 478 821 runt
501 757 776 850 0011110010110111
800 757 944 840 uestigia
968 757 1091 839 ubique
1116 757 1315 840 antiquioris
1340 759 1408 822 Ro-

397 864 486 928 mani
504 865 668 928 sermonis
683 861 733 948 (ea
748 861 980 948 deprehendas
996 862 1075 926 licet
1089 862 1211 946 ubique
1225 863 1299 928 deit
1312 863 1404 944 4,22;

320 1010 321 1014 =
393 975 525 1053 artatus
548 974 751 1045 constanter,
784 988 850 1032 non
884 973 999 1046 auiae,
1025 969 1091 1032 nisi
1127 968 1183 1032 ubi
1220 969 1277 1032 lex
1307 971 1408 1034 metri

397 1075 526 1154 obstat3
556 1077 679 1140 omissa
702 1076 916 1160 aspiratione,
944 1095 1009 1159 qua
1029 1076 1226 1160 parcissime
1250 1077 1303 1140 usi
1328 1081 1409 1140 sunt

396 1187 541 1259 veteres,
568 1182 722 1248 Catullus
745 1182 860 1246 scribit
884 1201 968 1247 erae
989 1187 1089 1264 atque
1112 1201 1175 1247 era
1189 1179 1313 1266 (63,18;
1339 1181 1407 1267 92).

397 1322 440 1337 -
455 1287 569 1353 Ortale
593 1286 717 1374 (65‚15)
735 1325 778 1339 -
795 1289 904 1353 eluari
922 1287 1059 1375 (29,16).
1078 1289 1116 1351 ln
1133 1287 1243 1353 dativo
1267 1294 1408 1372 quartae

396 1393 631 1461 declinationis
649 1393 806 1460 desinunt
821 1395 924 1459 verba
939 1391 1026 1480 apud
1043 1393 1211 1460 Catullum
1237 1395 1272 1458 in
1296 1413 1320 1457 a
1342 1415 1408 1460 non

397 1501 431 1563 in
455 1501 503 1565 ai.
527 1502 732 1567 Praesertim
756 1521 836 1567 vero
861 1522 900 1566 ea
923 1499 1152 1587 deprehendes
1181 1502 1217 1563 in
1250 1503 1408 1566 carmini·

396 1605 458 1670 bus
482 1607 694 1690 longioribus
718 1608 772 1673 61.
799 1607 852 1672 63.
880 1605 1009 1676 otoo.
1037 1606 1103 1685 68;
1124 1610 1317 1692 namquein
1334 1627 1409 1672 ear-

396 1715 486 1777 mine
503 1713 543 1778 61
563 1713 666 1778 habes
680 1715 769 1778 inter
786 1720 900 1780 cetera
915 1712 1081 1777 infinitiva
1097 1711 1284 1778 desinentia
1301 1715 1335 1777 in
1352 1715 1408 1779 ier

397 1821 543 1886 citarier
565 1840 597 1884 1.
629 1819 673 1886 42
706 1820 953 1906 compararier
987 1840 1021 1884 v.
1051 1817 1104 1884 65.
1127 1819 1182 1885 70.
1208 1820 1264 1895 75,
1301 1819 1407 1885 habes

391 1915 513 2008 penite
535 1950 569 1993 v.
597 1928 671 2005 174,
706 1929 888 1994 remorari
920 1949 951 1991 v.
988 1926 1062 1992 196.
1092 1925 1166 2002 197,
1204 1927 1410 2010 iaaeaerari

396 2055 428 2098 1.
448 2033 524 2113 211,
541 2037 717 2102 noscitari
732 2035 966 2112 121111001οί
981 2055 1013 2098 u.
1025 2033 1101 2111 206,
1120 2035 1266 2100 iasaieis
1278 2056 1309 2099 v.
1326 2034 1402 2110 218,

395 2139 494 2207 deaei
515 2161 548 2205 v.
574 2142 650 2207 228.
675 2141 819 2206 Carmen
843 2141 887 2206 63
910 2140 951 2205 de
974 2140 1046 2205 Atti
1070 2146 1174 2206 totum
1203 2145 1405 2206 vetustatem

355 2275 358 2280 ·
395 2267 528 2312 sacram
552 2249 716 2312 sermonis
740 2249 881 2332 spirat·

414 2362 415 2366 ’
437 2353 520 2416 Tum
545 2373 563 2417 0
586 2355 754 2419 contrario
779 2354 900 2418 desunt
923 2353 1009 2440 apud
1033 2373 1110 2418 eum
1131 2354 1405 2420 manifestissima

393 2460 534 2544 vestigia
558 2457 770 2538 Graecorum,
789 2480 873 2544 quae
889 2459 994 2526 habes
1018 2462 1054 2524 in
1072 2461 1201 2526 'ceteris
1218 2463 1323 2546 poetis
1337 2461 1404 2534 Ro-

392 2565 498 2630 manis
515 2563 762 2632 Alexandrinos
779 2568 924 2644 imitatis,
943 2566 1126 2632 cuiusmodi
1142 2574 1230 2643 sunt,
1246 2574 1283 2632 ut
1298 2588 1403 2632 unum

393 2692 411 2736 0
443 2672 667 2758 compluribus
704 2671 853 2750 afferam,
888 2693 977 2759 opas
1004 2679 1053 2739 est
1076 2693 1152 2738 oum
1182 2676 1337 2758 genetivo
1366 2677 1402 2739 in

391 2777 543 2863 Priapeis
568 2779 685 2857 6834:

529 2957 631 3016 «Sive
652 2955 699 3015 illi
720 2955 851 3022 laterum
874 2957 938 3016 sive
960 2961 1026 3014 erat
1047 2954 1121 3014 artis
1142 2971 1214 3032 opus
1235 2952 1310 3035 »(1)

391 3147 490 3225 atque
514 3141 600 3228 apud
623 3144 834 3241 Propertium
859 3143 994 3221 3,10,12
1018 3143 1083 3220 ubi,
1108 3143 1237 3208 maiora
1260 3163 1399 3228 aggres-

387 3269 498 3325 surus,
523 3255 595 3334 post
618 3248 769 3314 Pierides
794 3250 978 3327 invocatas,
1004 3255 1100 3336 poeta
1124 3251 1192 3314 alt:

532 3445 547 3480 a
561 3467 707 3486 ........
729 3427 831 3502 magni
851 3444 929 3484 nune
950 3429 1008 3485 erit
1030 3426 1091 3486 oris
1114 3441 1221 3503 opus.»
1238 3425 1283 3506 (2)

435 3613 620 3698 Sequentes
644 3633 711 3678 non
735 3613 860 3690 eodem,
885 3634 949 3697 quo
975 3613 1141 3692 Catullus,
1167 3615 1220 3679 usi
1237 3622 1315 3680 sunt
1331 3615 1398 3681 ele-

389 3719 482 3801 ganti
516 3723 672 3804 castoque
710 3739 810 3785 sensu
843 3725 878 3784 et
918 3720 1051 3786 iudicio.
1082 3721 1223 3786 Etenim
1252 3720 1396 3807 Augusti

389 3877 600 3892 -ι-ᾳ-ι--ι--ι-

426 3963 463 4035 il)
482 3965 586 4020 Locum
599 3969 731 4038 praeterit
743 3969 908 4038 Draeperas
921 3970 1030 4040 Spatana
1041 3971 1095 4023 der
1108 3972 1155 4026 lat.
1169 3971 1290 4043 Spraeli.
1304 3971 1396 4037 1529.

426 4055 462 4125 (2)
482 4056 588 4111 Locum
606 4057 739 4127 praeterit
757 4058 916 4127 Draeperos
934 4075 978 4129 op.
998 4060 1110 4114 100011.
