3164 5104
486 462 523 500 an
542 461 692 504 carnutum
710 452 736 518 2,
749 451 796 504 7-8
1084 456 1115 509 13

129 583 258 654 aetate,
282 593 380 662 quam
416 579 552 652 vocant,
577 577 689 642 ardor
713 583 745 642 et
769 577 866 662 ipsis
888 579 944 643 vel
969 580 1065 664 ipses
1088 601 1151 665 pro

127 703 258 752 amore
280 681 467 768 promiscue
491 688 652 767 usurpata
677 688 765 749 sunt.
791 685 899 770 Ignis,
924 690 962 750 ut
978 706 1081 751 unum
1103 685 1176 751 ex‘

128 791 251 856 multis
265 786 415 864 afferam,
434 787 538 852 habes
557 789 644 872 apud
665 791 759 875 Virg.
774 790 834 856 ecl.
851 790 932 868 3,66
948 798 1046 876 atque
1064 793 1151 878 apud

126 895 350 981 Propertium
374 893 514 970 2,33‚43.
548 895 720 961 Aratorem
743 896 779 960 in
807 895 948 983 quodam
978 898 1149 984 Sulpiciae

128 1004 288 1070 carmine
312 1000 434 1065 Tibull.
458 1001 594 1078 4,12,6:

289 1142 473 1202 «Ardorem
494 1144 616 1221 cupiens
637 1143 826 1204 dissimulare
849 1164 991 1206 meum.»

180 1293 280 1359 Ovid.
306 1292 385 1358 Met.
411 1293 509 1369 7,7o:

218 1437 369 1496 «Etiam
389 1435 476 1494 fortis
496 1441 572 1509 erat,
593 1436 756 1513 pulsusque
777 1439 933 1497 resederat
954 1437 1094 1498 ardor.»

182 1587 281 1653 Ovid.
300 1587 379 1651 Met.
404 1586 541 1664 14,683;

319 1751 334 1781 «
351 1770 507 1790 ........
523 1735 555 1786 tu
576 1727 694 1804 primus
716 1734 747 1788 et
768 1727 892 1788 ultimus
912 1729 958 1788 illi

348 1825 458 1886 Ardor
472 1827 532 1888 eris
545 1868 795 1887 ............
812 1845 827 1884 )

131 1967 166 2026 01
194 1961 387 2044 saepissime
411 1959 497 2044 apud
521 1957 1146 2042 ΡΓορει·1.1,7,24.1,10,10.11128,

132 2066 259 2145 1‚20,6.
285 2065 394 2143 3‚5,31
421 2071 485 2130 etc.
844 2048 846 2052 ¹

182 2173 250 2240 Sed
272 2192 405 2252 rursus,
424 2192 488 2238 neo
505 2191 620 2237 omnes
647 2173 789 2259 vestigia
816 2179 969 2238 veterum
996 2173 1153 2240 deserue-

134 2286 246 2346 runt:
271 2299 373 2364 quum
397 2282 484 2344 enim
508 2280 641 2345 curiose
665 2279 705 2345 da
728 2279 792 2344 hac
816 2299 855 2344 re
870 2280 1083 2363 inquisissem
1100 2282 1150 2344 in-

130 2388 254 2454 tellexi
277 2392 311 2451 et
333 2386 504 2450 Tibullum
540 2385 655 2452 eadem
684 2389 829 2453 sanitate
852 2385 949 2451 latini
973 2389 1148 2466 sermonis,

130 2515 202 2581 qua
225 2493 389 2570 Catullus,
413 2495 449 2558 in
479 2494 543 2560 hoe
574 2495 706 2571 saltem,
738 2494 922 2578 scripsisse,
948 2497 981 2558 et
1011 2494 1150 2579 Lygda-

129 2619 236 2679 mum,
261 2621 358 2687 quem
382 2606 515 2677 vocant,
541 2620 608 2665 non
631 2603 770 2678 minore,
788 2601 844 2686 qui
862 2599 1056 2685 Lygdamus
1078 2621 1149 2666 sese

130 2709 176 2775 ad
194 2707 360 2772 Tibullum
373 2713 478 2772 totum
496 2706 730 2772 conformavit.
746 2707 862 2791 Itaque
879 2725 1027 2772 amorem
1043 2706 1151 2772 hahes

129 2813 507 2892 1111).1,2,4,;1’19;75;
527 2812 570 2878 89
602 2807 1066 2892 1,3,81.1,1,10;24;4Ο;
1087 2814 1148 2891 67;

129 2924 187 2988 81.
205 2919 326 2998 1,5.7,;
346 2921 399 2998 60;
416 2921 469 2986 75.
494 2919 620 2999 1,6,35;
653 2920 710 2998 76;
736 2919 789 2984 85.
810 2919 934 3000 t‚7‚44.
955 2921 1074 2998 1,8,41;
1093 2919 1147 2986 52.

129 3011 254 3091 t‚9,1;
280 3009 338 3086 19;
365 3009 423 3088 39;
451 3011 504 3077 83.
527 3009 594 3087 23,
622 3009 674 3074 11.
698 3008 823 3088 2,3‚14;
850 3008 903 3086 2&
932 3008 991 3074 32.
1017 3009 1146 3086 2,4,47;

128 3119 188 3185 57.
213 3117 342 3196 3,4,73.
368 3117 480 3195 3,6,4.
497 3115 771 3195 4,3,21,4,5,7;,
788 3114 844 3180 11.
869 3114 1014 3194 4,o,20.
1041 3116 1148 3193 4,7,1.

129 3227 309 3310 Nusquam
331 3243 413 3290 vero
437 3225 562 3290 ardor.

175 3332 206 3398 E
230 3330 400 3397 contrario
423 3330 594 3407 Horatius,
620 3330 727 3414 magis
751 3349 850 3414 quam
866 3349 941 3396 cum
960 3329 1092 3394 Tibullo
1114 3335 1149 3394 et

127 3439 315 3528 Lygdamo,
329 3436 461 3503 videtur
478 3457 550 3504 esse
566 3436 792 3503 conferendus
809 3457 884 3502 cum
901 3437 1055 3522 Virgilio,
1073 3436 1148 3528 Ovi-

127 3549 187 3614 dio
212 3551 246 3612 et
268 3545 458 3630 Propertio.
495 3542 580 3610 Nam
604 3543 732 3612 dixeris
760 3562 845 3608 sane
868 3561 944 3608 eum
968 3544 1004 3608 in
1036 3542 1147 3608 Carm.

127 3652 253 3732 4,9,12
285 3653 421 3718 calores
454 3670 646 3737 usurpasse,
682 3646 725 3716 'ne
757 3652 792 3716 in
816 3649 943 3716 duobus
979 3648 1150 3714 continuis

126 3759 289 3828 versibus
306 3757 421 3824 eadem
437 3777 504 3824 vox
520 3777 621 3826 amor
636 3759 757 3824 iterata
773 3758 931 3824 lectorem
949 3753 1143 3836 offenderet,

127 3868 192 3935 sed
216 3865 322 3931 semel
348 3864 569 3952 (sportam)
594 3865 665 3931 sine
682 3866 883 3930 necessitate
900 3862 1067 3929 ardorem
1083 3882 1146 3947 pro

125 3961 257 4042 umore
278 3974 465 4059 usurpavit,
491 3993 691 4058 quamquam
715 3975 890 4059 genetivus
914 3972 971 4056 qui
996 3972 1152 4058 sequitur

126 4082 322 4148 novitatem
346 4081 444 4146 verbi
468 4085 641 4167 temperat.
