3046 5096
430 429 466 470 nn
488 431 625 472 nonninus
645 420 912 486 r1r1nrv121,l-20
1057 472 1060 478 ,
1107 421 1139 479 51

133 530 138 538 ’
166 541 246 608 tiam
272 543 326 608 vel
352 541 558 631 discrepent,
589 565 686 630 quum
713 549 923 614 econtrario
958 567 1014 615 ecs
1049 545 1176 630 deceat,

165 650 225 732 qui
249 642 438 717 litterarum
463 651 533 716 fata
556 653 796 739 pervestigent,
824 656 858 718 in
884 655 1049 723 rationem
1078 678 1179 743 quum

165 755 372 840 reliquorum
399 750 547 842 eperum,
576 765 642 825 tum
680 761 777 826 etiam
810 761 1048 829 historicorum
1087 763 1175 852 apud

171 867 303 928 veteres
329 865 647 930 conscribendorum
671 874 826 933 accurate
851 871 1034 955 inquirere.

240 971 280 1036 Il.
300 972 416 1057 Capita
432 973 494 1036 ista
511 974 645 1058 viginti,
665 974 700 1039 in
717 974 887 1059 peculiari,
905 976 946 1041 ad
963 977 1075 1044 fontes
1092 979 1179 1063 quud

167 1084 299 1158 attinet,
322 1099 460 1164 prorsus
485 1086 564 1143 sunt
587 1099 704 1145 causa.
733 1081 852 1146 Lucum
877 1083 985 1150 critici
1021 1084 1178 1150 bifariam

166 1187 319 1255 dividere
343 1193 600 1262 consueverunt,
634 1193 732 1273 prout
745 1189 887 1275 vestigia
902 1191 1020 1276 Polyb.
1047 1198 1104 1257 aut
1128 1193 1180 1257 in·

164 1301 244 1361 sunt
274 1298 333 1358 aut
365 1311 432 1357 non
465 1294 590 1358 insunt.
629 1294 757 1360 Verum
791 1315 898 1379 neque
932 1296 1017 1362 haec
1052 1297 1174 1364 divisio

164 1403 331 1468 rationem
354 1400 472 1476 habet,
498 1418 608 1485 neque
630 1402 740 1466 omnia
777 1401 885 1467 adhuc
920 1405 1063 1489 vestigia
1100 1405 1175 1470 Pol.

168 1516 247 1575 sunt
280 1512 476 1593 perspecta.
517 1507 647 1591 Polybii
684 1509 827 1594 vestigia
866 1529 932 1575 non
969 1510 1065 1576 modo
1102 1531 1178 1577 cum
1208 1501 1211 1512 ’
1288 1569 1291 1576 .

165 1616 320 1681 omnibus
355 1613 560 1697 deprehendi
587 1616 735 1698 egebis:
762 1615 848 1693 21,5.
877 1616 1106 1696 alnas-raa
1131 1618 1178 1705 (in

165 1732 308 1809 utroque
339 1723 412 1788 loco
448 1722 559 1785 Livius
595 1720 675 1786 aden
711 1742 785 1786 cum
816 1723 892 1787 Pol.
925 1723 1043 1799 3,13‚5
1066 1717 1174 1809 seqq,

165 1831 300 1909 32129
324 1832 502 1907 consentit,
528 1837 563 1892 ut
586 1819 663 1893 eum
686 1831 828 1895 vertisse
845 1830 952 1895 videri
965 1831 1094 1917 possit),
1116 1832 1176 1897 sed
1201 1820 1205 1828 ¹

166 1942 265 2005 etiam
289 1939 376 2017 21,1.
400 1938 431 2003 2.
456 1938 498 2018 63
534 1945 709 2022 praeterea
741 1937 775 2000 in
812 1938 980 2002 nonnullis
1014 1958 1100 2022 quae
1136 1939 1179 2004 ad

165 2047 370 2113 notationem
394 2045 553 2129 temporis
578 2045 758 2130 pertinent.
783 2045 896 2129 Neque
921 2044 1009 2110 unde
1042 2042 1082 2110 ea
1111 2047 1179 2113 sint

166 2153 349 2241 repetenda
373 2151 483 2217 adhuc
505 2152 609 2237 probe
634 2152 821 2236 quaesitum
845 2151 921 2218 suit.

208 2245 453 2346 Explicandum
482 2260 547 2324 erit
576 2258 678 2342 igitur
705 2259 820 2335 nobis,
846 2261 988 2345 primum
1014 2266 1178 2347 quatenus

165 2367 253 2454 apud
270 2370 343 2433 Liv.
363 2364 501 2441 arr-20
524 2358 667 2451 uestigia
691 2365 764 2431 Pol.
783 2369 984 2451 pertineant,
1000 2374 1068 2433 tum
1086 2368 1177 2434 unde

164 2478 230 2541 ista
247 2475 388 2559 uestigia
402 2475 468 2538 sint
481 2472 672 2558 repetenda.
685 2474 820 2538 Partem
833 2473 963 2552 deinde,
979 2475 1012 2538 in
1030 2496 1095 2559 qua
1113 2477 1176 2540 Po·

163 2583 249 2668 lybii
267 2581 409 2664 vestigia
433 2579 528 2645 nulla
553 2578 861 2665 deprehenduntur,
879 2600 999 2645 rursus
1017 2582 1175 2646 bifariam

163 2710 225 2775 ego
242 2688 362 2765 divido,
380 2695 478 2772 prout
495 2687 623 2751 Livium
641 2707 713 2753 cum
732 2687 843 2771 aliquo
860 2696 998 2754 auctore
1014 2690 1174 2778 conferre

162 2795 329 2880 hodieque
353 2801 411 2860 aut
435 2801 495 2871 est,
523 2799 670 2858 autnon
694 2802 756 2859 est.
777 2797 872 2872 Quae
888 2795 1058 2882 postre'ma
1076 2817 1177 2880 quum

163 2904 305 2969 minoris
317 2903 385 2967 sint
401 2902 568 2977 momenti,
588 2903 699 2967 statim
717 2908 749 2967 et
765 2908 842 2967 ante
856 2902 1176 2986 reliquaabsolvere

162 3010 309 3077 decrevi.

207 3118 333 3182 Desunt
363 3114 447 3201 apud
475 3114 549 3179 Pol.
576 3133 661 3200 quae
693 3122 772 3180 sunt
808 3114 895 3200 apud
930 3115 1000 3189 Liv,
1027 3116 1118 3194 213.
1147 3119 1178 3184 4.
1240 3163 1242 3174 ι

160 3226 295 3305 7-15‚a.
320 3223 489 3303 9,3-11‚2.
526 3223 605 3302 15‚3
640 3243 729 3307 seqq.
755 3220 873 3310 (usque
909 3223 951 3290 ad
973 3222 1086 3313 {finem
1119 3245 1174 3291 ca·

163 3330 264 3419 pitis).
289 3331 341 3397 16.
366 3331 420 3395 17.
449 3328 595 3402 raa-20.
620 3331 714 3395 Haec
739 3329 934 3416 singillatim
948 3331 1174 3418 inspiciamus

254 3439 311 3504 111.
335 3438 408 3502 Lim
435 3435 569 3514 21,15,3
593 3456 695 3520 usque
719 3437 761 3501 ad
785 3435 886 3501 finem
911 3439 1042 3524 capitis.
1062 3442 1177 3506 Pauca

163 3552 242 3611 sunt
273 3545 330 3611 hic
361 3542 510 3621 dicenda,
536 3563 646 3628 quum,
679 3544 706 3609 si
741 3545 846 3630 prima
884 3548 1033 3632 excipias
1057 3549 1174 3628 verba,
1267 3567 1270 3570 ·

162 3652 231 3740 (hic
255 3652 396 3738 vestigia
421 3650 492 3717 Pol.
519 3649 658 3738 extant),
684 3651 797 3718 Livius
813 3670 892 3718 suus
909 3653 962 3717 sit.
980 3654 1094 3719 Prima
1113 3655 1177 3722 ista

164 3759 269 3824 verba
293 3759 378 3824 haec
401 3764 500 3824 sunt:
535 3757 700 3824 «Octavo
735 3779 861 3836 mense,
888 3779 987 3846 quam
1023 3769 1176 3847 coeptum

166 3892 184 3927 «
207 3866 404 3952 oppugnari,
422 3870 553 3952 captum
571 3864 754 3950 Saguntum
770 3866 903 3951 quidam
921 3866 1089 3952 scripsere
1108 3868 1119 3956 (
1145 3869 1173 3936 f.

164 3999 181 4033 «
207 3974 324 4059 Polyb.
348 3972 496 4061 3‚r7‚a);
525 3972 604 4039 inde
628 3972 866 4059 Carthaginem
899 3973 1027 4040 Novam
1051 3975 1087 4039 in
1123 3975 1171 4040 hi·

167 4082 314 4164 sberna
346 4081 558 4150 concessisse
588 4079 645 4171 (cf.
680 4078 798 4173 Polyb.
835 4080 1012 4169 3,17,10);
1050 4083 1166 4174 quinto
