3046 5096
346 461 381 500 nn
400 433 535 499 ronvraus
554 460 612 498 rrrr
631 450 690 498 nr'vr
709 410 830 511 21,1-ao
1025 445 1060 499 69

95 572 137 638 ed.
159 572 254 640 Dind.
274 572 373 650 2236
389 569 490 656 seqq.)
507 591 515 638 :
541 591 683 658 namque
708 572 795 656 apud
818 577 1006 657 utrumque,
1024 571 1096 636 Dio·

95 701 160 745 nem
190 679 242 745 aio
278 687 311 745 et
346 680 474 756 Zonar,
501 679 648 765 legimus
681 680 715 743 in
760 680 885 746 Senatu
920 687 1096 764 perorasse

95 788 124 852 L.
147 787 343 853 Cornelium
369 787 549 851 Lentulum
573 788 608 850 in
625 807 726 851 unam
744 787 955 865 sententiam,
974 790 1014 863 Q.
1034 787 1097 851 Fa-

92 895 173 959 bium
197 895 381 960 Maximum
406 896 441 960 in
465 893 627 972 alteram,
652 914 740 979 quae
777 895 887 961 omnia
915 893 1002 979 apud
1025 894 1095 959 Liv.

93 1001 330 1068 desiderantur.
350 1003 450 1070 Certe
467 1022 507 1068 ea
524 1001 690 1068 derivavit
707 1003 766 1067 Dio
783 1023 826 1068 ex
842 1002 946 1067 Fabio
962 1002 1095 1066 Pictore

94 1111 143 1194 qui
166 1111 246 1178 talia
270 1111 342 1175 sine
367 1108 466 1176 dubio
485 1108 666 1194 diligenter
682 1115 731 1174 est
755 1117 947 1194 persecutus
967 1107 1095 1198 (Zonar.

97 1237 135 1282 ex
149 1214 276 1303 Dione).
296 1217 341 1282 nt
357 1216 428 1282 Liv.
449 1237 488 1282 ea
512 1215 649 1282 deduxit
666 1237 709 1284 ex
726 1223 875 1297 auctore,
895 1224 930 1282 ut
946 1237 1021 1283 mox
1039 1238 1097 1282 ex·

99 1324 231 1409 plicab0,
259 1326 315 1410 qui
339 1325 514 1409 Polybium
539 1331 587 1390 est
612 1333 756 1392 secutus.
1087 1384 1089 1388 Α
1197 1311 1201 1320 ’

174 1434 253 1501 XV.
279 1433 430 1518 'Vestigia
453 1434 556 1518 igitur
579 1433 712 1518 Polybii
732 1433 819 1519 apud
835 1423 985 1514 Livium,
1003 1451 1099 1520 prae·

96 1545 143 1603 ter
172 1539 281 1620 21,5;
318 1539 479 1617 tae-19,
493 1541 523 1618 6,
564 1539 843 1625 deprehendimus
881 1541 980 1618 21,1.
1005 1541 1038 1607 2.
1064 1541 1095 1609 d.

94 1647 265 1719 Quaeritur
290 1648 357 1712 iam
384 1645 474 1710 unde
498 1667 538 1710 ea
574 1647 639 1710 sint
674 1647 865 1732 repetenda.
903 1650 940 1712 ln
970 1647 1097 1712 duobus

94 1753 154 1817 illis
176 1754 260 1818 locis
285 1751 367 1818 adeo
385 1754 552 1818 consentit
569 1753 682 1818 Livius
700 1776 775 1819 oum
792 1755 942 1840 Polybio,
960 1762 997 1820 ut
1023 1775 1096 1820 eum

94 1862 227 1926 vertisse
251 1860 366 1925 multis
389 1861 484 1925 visus
502 1861 554 1924 sit.
570 1860 639 1926 Alii
655 1863 780 1926 rectius
795 1867 973 1946 negarunt,
998 1883 1099 1948 argu-

94 1969 206 2032 mentis
228 1975 340 2034 tamen
358 1988 465 2052 neque
482 1969 543 2052 ipsi
567 1969 646 2032 satis
663 1968 759 2036 bonis
774 1971 839 2033 nisi
856 1976 948 2046 sunt,
968 1990 1096 2055 neque,

93 2075 228 2161 ubiipsi
252 2076 376 2160 aliquid
401 2078 485 2141 certi
509 2081 656 2140 statuere
680 2077 834 2161 aggressi
859 2083 943 2155 sunt,
968 2078 1038 2142 ulla
1064 2079 1098 2141 in

93 2182 230 2248 medium
267 2183 463 2261 attulerunt,
489 2200 574 2269 qnae
599 2184 720 2248 similia
746 2183 942 2250 viderentur
965 2185 1051 2250 veri.

134 2290 203 2376 Ego
227 2296 339 2357 autem
364 2291 412 2356 sio
436 2290 613 2356 existimo:
641 2275 742 2376 qnnm
759 2291 846 2376 apud
863 2291 934 2356 Pol.
955 2311 1010 2357 res
1033 2291 1099 2356 dis-

93 2399 211 2484 sipatae
247 2404 438 2479 occurrant,
477 2397 683 2463 cordatiores
717 2399 773 2482 qui
800 2399 926 2485 possint
961 2397 1099 2465 credere

94 2507 285 2592 scriptorem
310 2507 420 2590 operis
457 2526 559 2591 prope
591 2507 741 2570 immensi
780 2506 909 2570 Livium
942 2507 1100 2591 pervolu-

93 2614 189 2679 tando
212 2613 389 2700 Polybium
415 2634 454 2678 ea
477 2614 556 2678 hinc
581 2619 680 2698 atque
704 2613 798 2677 illinc
833 2615 999 2698 patienter
1031 2613 1100 2678 col-

93 2721 219 2808 legisse,
245 2741 330 2806 qnae
364 2720 482 2786 deinde
514 2721 665 2786 oratione
701 2721 859 2786 continua
895 2722 1099 2806 exponeret.2

93 2829 242 2894 Alterum
260 2829 355 2895 addo.
384 2828 444 2893 Cui
461 2829 535 2894 Pol.
554 2834 673 2894 auctor
692 2827 764 2906 fuit,
783 2829 908 2894 clarius
930 2835 962 2893 et
979 2831 1100 2894 rectius

93 2937 194 3003 multo
207 2937 517 3004 commemoraverit
530 2937 716 3022 legationes
725 2937 951 3002 Romanorum
960 2943 1098 3021 oportet,

93 3065 189 3130 quam
212 3046 326 3112 Livius
349 3043 439 3110 fecit.
463 3041 611 3110 Tertium
636 3043 740 3110 addo:
767 3045 802 3108 in
831 3045 944 3109 verbis
966 3051 999 3108 et
1014 3045 1100 3108 locu·
1129 3119 1131 3124 ¹

93 3154 237 3218 tionibus
261 3155 334 3220 Liv.
358 3173 433 3218 cum
456 3152 544 3230 Pol,
571 3153 599 3216 si
625 3173 698 3217 eum
723 3158 856 3217 secutus
874 3157 973 3229 esset,
993 3153 1099 3237 magis

93 3265 305 3346 congrueret;
329 3261 386 3326 ille
410 3262 497 3325 enim
522 3261 549 3324 si
573 3259 706 3345 quando
733 3260 873 3345 Polybio
890 3266 940 3324 est
955 3258 1101 3338 usuaad

92 3368 230 3433 verbnm
250 3386 355 3453 paene
372 3367 412 3432 de
430 3387 468 3432 eo
485 3365 663 3432 convertit.
681 3365 748 3450 (Sic
762 3366 816 3444 21,
831 3365 872 3430 21
893 3387 982 3452 seqq.
998 3366 1051 3431 Sic
1066 3367 1100 3429 in

93 3476 179 3542 libro
195 3475 248 3542 22.
262 3474 315 3539 Sic
331 3475 365 3538 in
379 3479 498 3559 quarta
515 3479 547 3538 et
564 3474 678 3559 quinta
696 3471 844 3558 decade):
865 3473 978 3558 quodsi
997 3471 1099 3537 semel

94 3583 178 3670 (Liv.
205 3582 302 3660 21,5.
326 3581 397 3648 Pol.
424 3582 454 3660 3,
469 3578 589 3666 13-11)
614 3579 819 3646 adverbum
843 3600 924 3645 vere
953 3581 1042 3644 inter
1065 3598 1100 3643 se

93 3697 292 3777 congruunt,
309 3709 391 3756 cave
408 3690 573 3754 arbitrere
587 3688 730 3754 alterum
744 3687 786 3753 ab
799 3688 906 3753 altero
918 3693 1101 3754 mutuatum

92 3798 213 3878 fuisse3
234 3805 343 3864 statue
358 3799 446 3862 enim
463 3798 538 3862 Liv.
564 3795 736 3872 21,5P01.
764 3795 796 3871 3,
812 3795 916 3860 13-11
940 3796 1096 3872 verterim

93 3925 245 3984 curnam,
259 3907 441 3990 interrogo,
456 3911 597 3990 utroque
609 3903 769 3968 historico
787 3923 805 3966 a
818 3902 916 3967 bellis
930 3903 1102 3967 Hanniba-

93 4013 134 4078 lis
152 4018 271 4078 contra
288 4011 437 4089 Olcades,
456 4012 624 4076 Vaccaeos
639 4015 671 4074 et
685 4011 892 4093 Carpetanos
906 4016 1101 4075 transeunte

93 4121 135 4186 ad
149 4119 336 4206 legationes
350 4119 607 4204 Saguntinorum
620 4123 651 4182 et
662 4118 890 4181 Romanorum
903 4117 990 4204 (Liv.
1004 4117 1056 4196 21,
1069 4111 1100 4182 6.
