3046 5096
181 965 251 1046 DE
281 964 558 1047 FONTIBUS
590 965 705 1047 TITI
733 967 841 1048 LIVI
870 979 1024 1064 21‚1·20
1086 1036 1093 1071 3

463 1649 634 1722 CAPUT
665 1651 733 1717 IX.

186 2119 211 2184 1.
248 2117 363 2182 Pauca
393 2113 559 2182 nonnulla
593 2112 703 2180 dicere
743 2113 948 2200 aggredior,
989 2136 1099 2203 quae,

102 2243 198 2309 parva
219 2223 291 2310 ipsa
315 2241 375 2310 per
399 2241 447 2304 se,
472 2221 614 2292 alicuius
636 2226 752 2288 tamen
777 2226 855 2287 sunt
877 2224 1049 2300 momenti,
1074 2224 1102 2290 si

102 2331 154 2415 qni
184 2332 350 2398 rationem
385 2329 685 2416 cognationemque
708 2329 900 2416 perspicere
924 2330 1100 2409 studeant,

102 2456 180 2523 quae
214 2437 304 2502 forte
348 2435 536 2502 intercedat
578 2435 667 2500 inter
701 2455 784 2522 opus
819 2436 896 2502 Livi
931 2442 964 2502 et
1003 2457 1104 2524 opera

101 2545 212 2628 quihus
236 2543 355 2610 Livius
378 2562 459 2608 usus
491 2547 554 2609 est.
582 2542 670 2610 Sane
685 2562 828 2628 perraro
845 2544 1020 2630 contingit,
1045 2546 1102 2630 qni

100 2658 196 2718 status
219 2651 437 2736 oondioioqoe
460 2656 615 2716 veterum
639 2669 728 2714 nuno
751 2655 804 2715 est
826 2649 1040 2728 litterarum,
1067 2657 1104 2717 ut

100 2759 220 2846 aliquid
243 2760 369 2824 certius
393 2757 433 2823 de
458 2757 647 2822 huiusmodi
671 2776 709 2822 re
733 2758 833 2822 statui
857 2759 980 2842 possit:
1000 2759 1104 2845 siqui·

100 2866 168 2932 dem
190 2868 319 2942 Livius,
345 2884 398 2930 res
423 2870 533 2950 gestas
558 2865 789 2930 Romanorum
815 2866 995 2931 universas
1012 2887 1102 2932 com·

99 2974 223 3060 plexos,
250 2993 289 3039 ea
313 2971 480 3039 scribendi
504 2992 605 3056 quum
627 2966 662 3037 vi
686 2977 755 3036 tum
778 2972 930 3038 ubertate
955 2975 1102 3039 amoeni·

99 3087 225 3170 tateque
248 3082 372 3149 litteris
388 3083 465 3148 illas
484 3083 664 3160 mandavit,
684 3088 720 3147 ut
733 3082 917 3149 historicos
931 3083 1100 3150 Romanos

99 3194 172 3254 anto
195 3209 231 3254 se
254 3208 368 3254 omnes
392 3188 551 3254 oblivioni
575 3187 736 3254 facillime
767 3188 953 3267 devoverit,
984 3189 1102 3256 effece-

98 3297 202 3380 ritque
225 3302 262 3362 ut
278 3316 393 3363 eorum
410 3295 560 3362 Annales
575 3315 618 3360 ne
634 3300 777 3360 aetatem
808 3296 940 3382 quidem
956 3297 1100 3364 ferrent.

99 3403 221 3480 Quibus
253 3404 408 3490 operi-bns
432 3401 623 3488 deperditis,
647 3402 823 3468 obscurata
851 3405 1006 3488 cognatio
1038 3403 1097 3469 illa

99 3515 193 3596 atque
217 3509 299 3576 adeo
324 3516 375 3576 est
398 3511 547 3576 tenebris
572 3508 722 3580 involuta
746 3515 779 3574 et
795 3527 902 3595 paene
918 3510 1049 3586 obruta,
1066 3515 1104 3576 ut

98 3617 160 3682 iam
176 3623 233 3683 aut
247 3614 378 3682 nullum
395 3622 452 3682 aut
463 3600 685 3703 perexiguum
700 3615 885 3682 industriae
898 3636 1012 3682 eorum
1025 3637 1102 3704 pro·

98 3731 236 3806 ponatur
250 3725 444 3810 praemium,
464 3725 520 3810 qui
536 3743 597 3810 pro
613 3743 650 3789 so
666 3724 804 3810 quisque
821 3725 855 3788 in
871 3743 910 3790 eo
927 3724 1103 3790 elaborant

54 3916 56 3924 Ι
97 3837 131 3896 ut
146 3830 279 3899 tandem
294 3836 416 3918 pateat,
434 3831 547 3916 aliqua
563 3831 682 3897 saitem
700 3850 742 3896 ex
765 3836 879 3917 parte,
904 3851 924 3896 a
947 3852 1011 3918 quo
1035 3831 1104 3918 pri·

99 3958 182 4004 mum
207 3940 369 4027 scriptore
385 3936 537 4025 quaeque
553 3958 610 4004 res
626 3943 752 4016 notata,
770 3957 790 4002 a
806 3939 925 4024 quibus
940 3938 1099 4025 deinceps

15 4109 17 4156 ;
98 4046 286 4117 auctoribus
301 4045 493 4116 labentibus
509 4045 654 4114 saeculis
669 4065 775 4132 usque
792 4044 834 4113 ad
850 4044 980 4113 Livium
995 4045 1099 4111 inerit

994 4187 1011 4240 4
