3164 5104
445 467 450 475 .
521 433 557 473 an
576 428 732 474 carutium
750 420 775 485 6,
789 397 872 473 12-'14
1157 423 1188 477 19

244 533 359 608 Metri
382 549 494 607 autem
517 562 620 608 causa
642 551 720 630 puto
744 543 887 611 Dousam
917 544 1022 611 filium
1047 552 1079 614 et
1102 543 1223 615 Guari-

204 670 294 714 num
316 651 494 717 invertisse
509 651 544 713 in
568 671 601 716 v.
626 651 669 718 12
691 651 843 718 ordinem
863 655 1044 721 verborum
1073 656 1223 722 scriben-

206 763 266 821 tes
292 777 358 822 non
388 760 457 824 isto
478 760 664 843 proevalet
698 758 757 825 sed
789 762 976 844 praevolet
998 762 1078 829 isto.
1113 765 1222 840 Quum

208 867 303 931 enim
326 873 496 958 constaret
517 867 725 934 Phalaeceus
756 868 1060 954 hendecasyllahns
1084 889 1127 935 ex
1150 871 1224 937 hasi

211 975 273 1040 vel
298 973 476 1060 spondaica
500 976 554 1039 vel
572 977 745 1048 trochaica
761 977 817 1042 vel
833 977 932 1041 etiam
950 977 1105 1057 iambica,
1125 984 1223 1062 atque

211 1082 333 1148 ordine
357 1082 550 1167 logaoedico
566 1103 632 1148 uno
650 1083 890 1169 complectente
915 1082 1083 1167 dactylum
1100 1089 1133 1148 et
1154 1090 1223 1151 tres

212 1190 403 1268 trochaeos,
430 1191 608 1268 Guarinus,
633 1193 688 1277 qui
722 1191 924 1276 adlegeret,
953 1187 1127 1269 effecisset,
1152 1199 1224 1277 post

213 1300 315 1364 hasin
349 1299 442 1365 Nom
475 1300 524 1376 ni,
560 1300 625 1363 nisi
659 1298 810 1363 ordinem
846 1298 1026 1364 uerborum
1050 1304 1221 1378 mutasset,

213 1425 284 1472 non
309 1403 383 1471 dact
371 1405 476 1490 tylum
512 1413 544 1470 et
534 1406 771 1471 rttochacum
797 1404 853 1469 sed
879 1411 937 1469 aut
932 1405 1223 1518 amphimacrum

215 1523 420 1587 etiamhum
445 1520 598 1608 (admisso
623 1523 781 1586 nimirum
806 1521 968 1587 hiatut
925 1531 968 1587 tat
972 1542 994 1590 n
1011 1523 1180 1612 praeunte
1182 1521 1221 1613 t,)

218 1644 280 1704 aut
303 1635 516 1720 (uitatut
384 1637 538 1701 thiatu
518 1643 597 1704 uto
608 1641 791 1721 proevalet
813 1639 865 1723 ni)
891 1638 1224 1723 amphibrachumet

213 1745 422 1812 trochaeum.
438 1744 546 1809 Donsa
559 1765 652 1820 vero,
667 1747 723 1832 qui
739 1748 789 1811 nil
805 1746 943 1831 legeret,
961 1741 1135 1824 effecisset,
1160 1747 1224 1810 nisi

211 1853 398 1918 verborum
414 1853 562 1918 ordinem
579 1853 795 1929 immutasset,
814 1853 1076 1939 amphimacrum
1094 1859 1126 1918 et
1142 1854 1224 1917 iam-

210 1971 293 2035 bum
317 1943 399 2056 (aad
416 1949 626 2056 praevolet).
649 1973 806 2038 Ceterum
828 1970 935 2035 verba
959 1971 1029 2055 ipsa
1052 1971 1163 2036 Dousa
1187 1953 1220 2036 et

210 2075 382 2141 Guarinus
405 2077 503 2142 veriti
529 2085 605 2142 sunt
629 2084 768 2144 mutare.

259 2181 396 2248 Saeculo
421 2181 539 2248 deinde
556 2183 662 2248 ferme
679 2188 752 2268 post
768 2181 986 2268 scaligerum,
1011 2182 1038 2249 I.
1065 2182 1219 2262 Vossius,

210 2291 270 2356 cui
293 2288 455 2357 Graevius
480 2297 512 2356 et
536 2290 678 2376 Vulpins
699 2293 829 2358 assensi
852 2297 939 2371 sunt,
966 2290 1090 2357 edidit:

378 2511 393 2546 <
415 2488 494 2550 Nam
515 2488 547 2545 ni
568 2489 685 2565 istapte,
706 2486 789 2548 valet
807 2487 883 2546 nihil
904 2493 1011 2548 tacere.

417 2587 472 2646 Cui
492 2605 550 2644 non
572 2586 633 2646 iam
654 2585 752 2645 latera
773 2584 912 2646 exfututa
931 2587 1064 2663 pandant

415 2685 510 2747 Noctu
532 2686 603 2761 quid
624 2683 719 2745 facias
740 2684 929 2763 ineptiarum.
953 2703 967 2744 a

263 2877 325 2944 Hic
360 2873 529 2940 commode
564 2873 695 2939 videtur
728 2893 788 2959 pro
812 2875 995 2958 proevalet
1022 2875 1222 2948 ,restitutum

215 3003 294 3050 esse
311 2989 373 3068 pte
395 2984 506 3058 colet,
532 3001 601 3046 una
627 2983 785 3046 nimirum
808 2983 988 3048 verborum
1012 2981 1143 3046 ratione
1166 2981 1223 3045 ha-

213 3093 308 3167 hita;
335 3089 392 3154 sed
416 3069 642 3155 de'sententia
677 3091 820 3174 primum
852 3090 998 3154 omniurn
1033 3089 1218 3173 quaeritur,

212 3218 313 3286 quam
336 3197 391 3262 vel
413 3195 539 3262 nnllam
562 3195 616 3260 vel
640 3193 921 3284 uinfprohahiiem
947 3215 990 3262 ex
1013 3195 1084 3260 istis
1107 3195 1221 3260 verbis

211 3325 326 3372 erues.
694 3301 697 3309 “
1020 3383 1021 3390 ¹

256 3413 363 3479 Porro
387 3410 543 3476 Heinsius
567 3411 600 3475 in
623 3410 711 3476 notis
734 3408 776 3475 ed
801 3409 969 3476 Catullum
993 3411 1158 3476 coniecit:

370 3611 386 3646 ‹<
410 3592 507 3657 Quum
527 3587 571 3648 nii
593 3589 751 3664 praevalet
771 3589 828 3647 ista
851 3589 893 3646 mi
914 3595 1013 3647 tacere

410 3689 472 3747 Cur
492 3705 569 3747 nunc
590 3687 651 3746 iam
673 3688 770 3746 latera
791 3684 931 3746 exfututa
952 3687 1107 3764 pandas.»

262 3861 326 3930 Ubi
350 3881 469 3926 rursus
492 3859 674 3924 verborum
690 3857 769 3923 ordo
785 3878 962 3945 perperam
985 3858 1141 3922 inversus
1159 3865 1220 3936 est,

214 3969 308 4058 quod
330 3967 474 4034 hominis
498 3972 548 4030 est
572 3965 798 4050 detorquentis
815 3966 918 4030 rerba
944 3963 985 4030 ad
1004 3983 1098 4030 suam
1122 3964 1224 4056 ipsius

213 4079 326 4166 magis
351 4096 449 4164 qnam
473 4073 515 4140 ad
537 4075 684 4142 auctoris
708 4075 918 4142 sententiam.
