<?xml version="1.0" encoding="UTF-8"?>
<!DOCTYPE html PUBLIC "-//W3C//DTD XHTML 1.0 Transitional//EN"
    "http://www.w3.org/TR/xhtml1/DTD/xhtml1-transitional.dtd">
<html xmlns="http://www.w3.org/1999/xhtml" xml:lang="en" lang="en">
 <head>
  <title>
</title>
<meta http-equiv="Content-Type" content="text/html;charset=utf-8" />
  <meta name='ocr-system' content='tesseract 3.04.00' />
  <meta name='ocr-capabilities' content='ocr_page ocr_carea ocr_par ocr_line ocrx_word'/>
</head>
<body>
  <div class='ocr_page' id='page_1' title='image "animadversiones00tartgoog_0054.png"; bbox 0 0 3046 5096; ppageno 0'>
   <div class='ocr_carea' id='block_1_1' title="bbox 460 419 1088 484">
    <p class='ocr_par' dir='ltr' id='par_1_1' title="bbox 460 419 1088 484">
     <span class='ocr_line' id='line_1_1' title="bbox 460 419 1088 484; baseline 0 -10"><span class='ocrx_word' id='word_1_1' title='bbox 460 435 498 474; x_wconf 78' lang='lat' dir='ltr'>an</span> <span class='ocrx_word' id='word_1_2' title='bbox 517 434 666 474; x_wconf 73' lang='lat' dir='ltr'>curuuuuu</span> <span class='ocrx_word' id='word_1_3' title='bbox 687 419 776 484; x_wconf 82' lang='grc'>116,4</span> <span class='ocrx_word' id='word_1_4' title='bbox 1052 421 1088 474; x_wconf 86' lang='grc'>47</span> 
     </span>
    </p>
   </div>
   <div class='ocr_carea' id='block_1_2' title="bbox 15 542 1124 738">
    <p class='ocr_par' dir='ltr' id='par_1_2' title="bbox 15 542 1124 738">
     <span class='ocr_line' id='line_1_2' title="bbox 15 542 1122 644; baseline 0.002 -34"><span class='ocrx_word' id='word_1_5' title='bbox 15 635 17 644; x_wconf 21' lang='lat' dir='ltr'>y</span> <span class='ocrx_word' id='word_1_6' title='bbox 114 565 151 610; x_wconf 87' lang='lat' dir='ltr'>ne</span> <span class='ocrx_word' id='word_1_7' title='bbox 175 546 302 612; x_wconf 84' lang='lat' dir='ltr'>Gellius</span> <span class='ocrx_word' id='word_1_8' title='bbox 326 551 463 632; x_wconf 86' lang='lat' dir='ltr'>cuperet</span> <span class='ocrx_word' id='word_1_9' title='bbox 486 545 630 612; x_wconf 80' lang='lat' dir='ltr'>mittere</span> <span class='ocrx_word' id='word_1_10' title='bbox 653 542 719 610; x_wconf 88' lang='lat' dir='ltr'>tela</span> <span class='ocrx_word' id='word_1_11' title='bbox 742 545 778 608; x_wconf 89' lang='lat' dir='ltr'>in</span> <span class='ocrx_word' id='word_1_12' title='bbox 804 543 994 610; x_wconf 90' lang='lat' dir='ltr'>Catullum:</span> <span class='ocrx_word' id='word_1_13' title='bbox 1029 545 1122 612; x_wconf 90' lang='lat' dir='ltr'>lusus</span> 
     </span>
     <span class='ocr_line' id='line_1_3' title="bbox 15 650 1124 738; baseline 0.005 -26"><span class='ocrx_word' id='word_1_14' title='bbox 15 671 16 692; x_wconf 63' lang='lat'>÷</span> <span class='ocrx_word' id='word_1_15' title='bbox 113 652 290 717; x_wconf 87' lang='lat' dir='ltr'>verborum</span> <span class='ocrx_word' id='word_1_16' title='bbox 313 656 449 738; x_wconf 89' lang='lat' dir='ltr'>apertus</span> <span class='ocrx_word' id='word_1_17' title='bbox 475 657 536 716; x_wconf 88' lang='lat' dir='ltr'>est.</span> <span class='ocrx_word' id='word_1_18' title='bbox 561 650 647 716; x_wconf 80' lang='lat' dir='ltr'>Aliis</span> <span class='ocrx_word' id='word_1_19' title='bbox 672 670 802 736; x_wconf 87' lang='lat' dir='ltr'>quoque</span> <span class='ocrx_word' id='word_1_20' title='bbox 820 650 982 716; x_wconf 83' lang='lat' dir='ltr'>decausis</span> <span class='ocrx_word' id='word_1_21' title='bbox 1000 651 1124 717; x_wconf 83' lang='lat' dir='ltr'>fallun-</span> 
     </span>
    </p>
   </div>
   <div class='ocr_carea' id='block_1_3' title="bbox 15 756 1122 843">
    <p class='ocr_par' dir='ltr' id='par_1_3' title="bbox 15 756 1122 843">
     <span class='ocr_line' id='line_1_4' title="bbox 15 756 1122 843; baseline 0.004 -23"><span class='ocrx_word' id='word_1_22' title='bbox 15 815 16 820; x_wconf 75' lang='grc'>,</span> <span class='ocrx_word' id='word_1_23' title='bbox 112 763 163 823; x_wconf 92' lang='lat' dir='ltr'>tur</span> <span class='ocrx_word' id='word_1_24' title='bbox 185 778 261 824; x_wconf 87' lang='lat' dir='ltr'>moa</span> <span class='ocrx_word' id='word_1_25' title='bbox 282 759 461 836; x_wconf 87' lang='lat' dir='ltr'>sententia,</span> <span class='ocrx_word' id='word_1_26' title='bbox 488 765 520 822; x_wconf 90' lang='lat' dir='ltr'>et</span> <span class='ocrx_word' id='word_1_27' title='bbox 536 757 680 843; x_wconf 91' lang='lat' dir='ltr'>primum</span> <span class='ocrx_word' id='word_1_28' title='bbox 695 756 826 842; x_wconf 90' lang='lat' dir='ltr'>quidem</span> <span class='ocrx_word' id='word_1_29' title='bbox 843 763 1020 843; x_wconf 87' lang='lat' dir='ltr'>propterea</span> <span class='ocrx_word' id='word_1_30' title='bbox 1036 759 1122 843; x_wconf 87' lang='lat' dir='ltr'>quod</span> 
     </span>
    </p>
   </div>
   <div class='ocr_carea' id='block_1_4' title="bbox 110 862 1122 1176">
    <p class='ocr_par' dir='ltr' id='par_1_4' title="bbox 110 862 1122 1176">
     <span class='ocr_line' id='line_1_5' title="bbox 113 862 1119 952; baseline 0.001 -23"><span class='ocrx_word' id='word_1_31' title='bbox 113 867 138 929; x_wconf 92' lang='lat' dir='ltr'>si</span> <span class='ocrx_word' id='word_1_32' title='bbox 161 865 293 951; x_wconf 89' lang='lat' dir='ltr'>quando</span> <span class='ocrx_word' id='word_1_33' title='bbox 315 865 543 951; x_wconf 81' lang='lat' dir='ltr'>usurpabatur</span> <span class='ocrx_word' id='word_1_34' title='bbox 559 866 664 941; x_wconf 76' lang='lat' dir='ltr'>inere,</span> <span class='ocrx_word' id='word_1_35' title='bbox 684 862 839 952; x_wconf 80' lang='lat' dir='ltr'>(fuscina,</span> <span class='ocrx_word' id='word_1_36' title='bbox 857 863 978 950; x_wconf 87' lang='lat' dir='ltr'>lapide,</span> <span class='ocrx_word' id='word_1_37' title='bbox 996 884 1119 950; x_wconf 83' lang='lat' dir='ltr'>pugne,</span> 
     </span>
     <span class='ocr_line' id='line_1_6' title="bbox 110 969 1122 1058; baseline 0.001 -23"><span class='ocrx_word' id='word_1_38' title='bbox 110 972 255 1058; x_wconf 83' lang='lat' dir='ltr'>tragula,</span> <span class='ocrx_word' id='word_1_39' title='bbox 282 973 413 1058; x_wconf 84' lang='lat' dir='ltr'>sagitta,</span> <span class='ocrx_word' id='word_1_40' title='bbox 438 971 593 1049; x_wconf 90' lang='lat' dir='ltr'>umbone,</span> <span class='ocrx_word' id='word_1_41' title='bbox 618 969 734 1048; x_wconf 87' lang='lat' dir='ltr'>funda,</span> <span class='ocrx_word' id='word_1_42' title='bbox 760 969 924 1047; x_wconf 84' lang='lat' dir='ltr'><strong>fulmine,</strong></span> <span class='ocrx_word' id='word_1_43' title='bbox 951 976 1027 1049; x_wconf 88' lang='lat' dir='ltr'>etc.;</span> <span class='ocrx_word' id='word_1_44' title='bbox 1054 991 1122 1037; x_wconf 88' lang='lat' dir='ltr'>me-</span> 
     </span>
     <span class='ocr_line' id='line_1_7' title="bbox 114 1076 1118 1176; baseline 0.002 -34"><span class='ocrx_word' id='word_1_45' title='bbox 114 1078 296 1163; x_wconf 86' lang='lat' dir='ltr'>taphorice:</span> <span class='ocrx_word' id='word_1_46' title='bbox 313 1078 513 1157; x_wconf 79' lang='lat' dir='ltr'>rebellione,</span> <span class='ocrx_word' id='word_1_47' title='bbox 531 1083 634 1154; x_wconf 88' lang='lat' dir='ltr'>metu,</span> <span class='ocrx_word' id='word_1_48' title='bbox 653 1076 838 1176; x_wconf 76' lang='lat' dir='ltr'>desideriis,</span> <span class='ocrx_word' id='word_1_49' title='bbox 856 1096 944 1142; x_wconf 87' lang='lat' dir='ltr'>nova</span> <span class='ocrx_word' id='word_1_50' title='bbox 960 1097 1009 1154; x_wconf 89' lang='lat' dir='ltr'>re,</span> <span class='ocrx_word' id='word_1_51' title='bbox 1029 1078 1118 1166; x_wconf 77' lang='lat' dir='ltr'>eto),</span> 
     </span>
    </p>
   </div>
   <div class='ocr_carea' id='block_1_5' title="bbox 15 1182 1116 1378">
    <p class='ocr_par' dir='ltr' id='par_1_5' title="bbox 15 1182 1116 1378">
     <span class='ocr_line' id='line_1_8' title="bbox 15 1182 1116 1274; baseline 0.005 -28"><span class='ocrx_word' id='word_1_52' title='bbox 15 1203 16 1208; x_wconf 46' lang='lat'>¹</span> <span class='ocrx_word' id='word_1_53' title='bbox 111 1203 276 1271; x_wconf 89' lang='lat' dir='ltr'>nunquam</span> <span class='ocrx_word' id='word_1_54' title='bbox 292 1185 365 1250; x_wconf 87' lang='lat' dir='ltr'>fere</span> <span class='ocrx_word' id='word_1_55' title='bbox 383 1184 567 1251; x_wconf 84' lang='lat' dir='ltr'>addebatur</span> <span class='ocrx_word' id='word_1_56' title='bbox 583 1204 660 1270; x_wconf 93' lang='lat' dir='ltr'>pars</span> <span class='ocrx_word' id='word_1_57' title='bbox 679 1186 827 1270; x_wconf 86' lang='lat' dir='ltr'>eorporis</span> <span class='ocrx_word' id='word_1_58' title='bbox 845 1187 912 1250; x_wconf 84' lang='lat' dir='ltr'>iota</span> <span class='ocrx_word' id='word_1_59' title='bbox 928 1182 1053 1274; x_wconf 85' lang='lat' dir='ltr'>(femur</span> <span class='ocrx_word' id='word_1_60' title='bbox 1069 1193 1116 1252; x_wconf 89' lang='lat' dir='ltr'>ta-</span> 
     </span>
     <span class='ocr_line' id='line_1_9' title="bbox 15 1290 1115 1378; baseline 0.003 -23"><span class='ocrx_word' id='word_1_61' title='bbox 15 1317 16 1320; x_wconf 42' lang='lat'><em>*</em></span> <span class='ocrx_word' id='word_1_62' title='bbox 112 1295 193 1370; x_wconf 76' lang='lat' dir='ltr'>meu}</span> <span class='ocrx_word' id='word_1_63' title='bbox 204 1291 263 1357; x_wconf 90' lang='lat' dir='ltr'>sed</span> <span class='ocrx_word' id='word_1_64' title='bbox 277 1293 386 1358; x_wconf 83' lang='lat' dir='ltr'>totum</span> <span class='ocrx_word' id='word_1_65' title='bbox 398 1297 507 1378; x_wconf 84' lang='lat' dir='ltr'>eaput,</span> <span class='ocrx_word' id='word_1_66' title='bbox 519 1290 657 1356; x_wconf 89' lang='lat' dir='ltr'>subaud.</span> <span class='ocrx_word' id='word_1_67' title='bbox 669 1290 763 1370; x_wconf 82' lang='lat' dir='ltr'>vino,</span> <span class='ocrx_word' id='word_1_68' title='bbox 779 1290 865 1376; x_wconf 81' lang='lat' dir='ltr'>apud</span> <span class='ocrx_word' id='word_1_69' title='bbox 877 1292 959 1358; x_wconf 89' lang='lat' dir='ltr'>Hor.</span> <span class='ocrx_word' id='word_1_70' title='bbox 970 1293 1115 1378; x_wconf 86' lang='lat' dir='ltr'>metaph.</span> 
     </span>
    </p>
   </div>
   <div class='ocr_carea' id='block_1_6' title="bbox 108 1396 1120 2121">
    <p class='ocr_par' dir='ltr' id='par_1_6' title="bbox 108 1396 1120 2121">
     <span class='ocr_line' id='line_1_10' title="bbox 112 1396 1118 1488; baseline 0.002 -26"><span class='ocrx_word' id='word_1_71' title='bbox 112 1398 246 1472; x_wconf 70' lang='lat' dir='ltr'>(licitur,</span> <span class='ocrx_word' id='word_1_72' title='bbox 279 1396 379 1484; x_wconf 79' lang='lat' dir='ltr'>idque</span> <span class='ocrx_word' id='word_1_73' title='bbox 409 1419 452 1464; x_wconf 78' lang='lat' dir='ltr'>ex</span> <span class='ocrx_word' id='word_1_74' title='bbox 482 1396 611 1462; x_wconf 76' lang='lat' dir='ltr'>Archil.</span> <span class='ocrx_word' id='word_1_75' title='bbox 647 1396 724 1484; x_wconf 79' lang='grc' dir='ltr'>(οἴνῳ</span> <span class='ocrx_word' id='word_1_76' title='bbox 744 1407 974 1486; x_wconf 80' lang='grc' dir='ltr'>συχκεραυνωθεὶς</span> <span class='ocrx_word' id='word_1_77' title='bbox 997 1397 1118 1488; x_wconf 76' lang='grc' dir='ltr'>φρένας).</span> 
     </span>
     <span class='ocr_line' id='line_1_11' title="bbox 109 1504 1120 1589; baseline 0.002 -21"><span class='ocrx_word' id='word_1_78' title='bbox 109 1504 232 1570; x_wconf 88' lang='lat' dir='ltr'>Deinde</span> <span class='ocrx_word' id='word_1_79' title='bbox 256 1505 416 1570; x_wconf 89' lang='lat' dir='ltr'>abhorret</span> <span class='ocrx_word' id='word_1_80' title='bbox 440 1505 533 1571; x_wconf 78' lang='lat' dir='ltr'>icere</span> <span class='ocrx_word' id='word_1_81' title='bbox 547 1524 568 1569; x_wconf 92' lang='lat' dir='ltr'>a</span> <span class='ocrx_word' id='word_1_82' title='bbox 582 1505 751 1569; x_wconf 83' lang='lat' dir='ltr'>communi</span> <span class='ocrx_word' id='word_1_83' title='bbox 767 1504 923 1589; x_wconf 89' lang='lat' dir='ltr'>loquendi</span> <span class='ocrx_word' id='word_1_84' title='bbox 948 1512 1120 1572; x_wconf 88' lang='lat' dir='ltr'>consuetu-</span> 
     </span>
     <span class='ocr_line' id='line_1_12' title="bbox 110 1608 1118 1697; baseline 0.005 -25"><span class='ocrx_word' id='word_1_85' title='bbox 110 1608 195 1691; x_wconf 80' lang='lat' dir='ltr'>dine,</span> <span class='ocrx_word' id='word_1_86' title='bbox 221 1623 305 1696; x_wconf 88' lang='lat' dir='ltr'>quae</span> <span class='ocrx_word' id='word_1_87' title='bbox 328 1609 531 1677; x_wconf 85' lang='lat' dir='ltr'>consuetudo</span> <span class='ocrx_word' id='word_1_88' title='bbox 554 1612 801 1697; x_wconf 71' lang='lat' dir='ltr'>requirebatur</span> <span class='ocrx_word' id='word_1_89' title='bbox 819 1614 1026 1678; x_wconf 81' lang='lat' dir='ltr'>scriberetur</span> <span class='ocrx_word' id='word_1_90' title='bbox 1050 1633 1118 1678; x_wconf 92' lang='lat' dir='ltr'>non</span> 
     </span>
     <span class='ocr_line' id='line_1_13' title="bbox 111 1718 1071 1805; baseline 0.005 -25"><span class='ocrx_word' id='word_1_91' title='bbox 111 1718 200 1784; x_wconf 79' lang='lat' dir='ltr'>icere</span> <span class='ocrx_word' id='word_1_92' title='bbox 224 1720 303 1784; x_wconf 81' lang='lat' dir='ltr'>telis</span> <span class='ocrx_word' id='word_1_93' title='bbox 327 1721 483 1804; x_wconf 79' lang='lat' dir='ltr'>aliquem</span> <span class='ocrx_word' id='word_1_94' title='bbox 506 1719 562 1785; x_wconf 83' lang='lat' dir='ltr'>vol</span> <span class='ocrx_word' id='word_1_95' title='bbox 585 1719 737 1804; x_wconf 78' lang='lat' dir='ltr'>aliquid,</span> <span class='ocrx_word' id='word_1_96' title='bbox 762 1719 820 1784; x_wconf 88' lang='lat' dir='ltr'>sed</span> <span class='ocrx_word' id='word_1_97' title='bbox 836 1725 961 1805; x_wconf 73' lang='lat' dir='ltr'>petere</span> <span class='ocrx_word' id='word_1_98' title='bbox 984 1721 1071 1786; x_wconf 90' lang='lat' dir='ltr'>telis.</span> 
     </span>
     <span class='ocr_line' id='line_1_14' title="bbox 192 1824 1116 1909; baseline 0.003 -21"><span class='ocrx_word' id='word_1_99' title='bbox 192 1825 235 1889; x_wconf 82' lang='lat' dir='ltr'>ll.</span> <span class='ocrx_word' id='word_1_100' title='bbox 262 1824 353 1890; x_wconf 88' lang='lat' dir='ltr'>Haeo</span> <span class='ocrx_word' id='word_1_101' title='bbox 378 1831 456 1890; x_wconf 93' lang='lat' dir='ltr'>sunt</span> <span class='ocrx_word' id='word_1_102' title='bbox 479 1825 520 1890; x_wconf 94' lang='lat' dir='ltr'>ob</span> <span class='ocrx_word' id='word_1_103' title='bbox 544 1844 627 1909; x_wconf 89' lang='lat' dir='ltr'>quae</span> <span class='ocrx_word' id='word_1_104' title='bbox 653 1827 727 1890; x_wconf 89' lang='lat' dir='ltr'>siue</span> <span class='ocrx_word' id='word_1_105' title='bbox 750 1825 820 1889; x_wconf 91' lang='lat' dir='ltr'>ulla</span> <span class='ocrx_word' id='word_1_106' title='bbox 838 1825 1044 1892; x_wconf 86' lang='lat' dir='ltr'>dubitatione</span> <span class='ocrx_word' id='word_1_107' title='bbox 1061 1846 1116 1891; x_wconf 91' lang='lat' dir='ltr'>ar·</span> 
     </span>
     <span class='ocr_line' id='line_1_15' title="bbox 108 1929 1117 2018; baseline 0.006 -25"><span class='ocrx_word' id='word_1_108' title='bbox 108 1929 212 1996; x_wconf 88' lang='lat' dir='ltr'>bitror</span> <span class='ocrx_word' id='word_1_109' title='bbox 228 1930 405 1996; x_wconf 82' lang='lat' dir='ltr'>lectionem</span> <span class='ocrx_word' id='word_1_110' title='bbox 423 1931 517 1996; x_wconf 79' lang='lat' dir='ltr'>Tatta</span> <span class='ocrx_word' id='word_1_111' title='bbox 534 1931 704 2015; x_wconf 78' lang='lat' dir='ltr'>insertum</span> <span class='ocrx_word' id='word_1_112' title='bbox 720 1931 813 1997; x_wconf 76' lang='lat' dir='ltr'>inere</span> <span class='ocrx_word' id='word_1_113' title='bbox 825 1933 876 1996; x_wconf 81' lang='lat' dir='ltr'>mi</span> <span class='ocrx_word' id='word_1_114' title='bbox 889 1952 999 2016; x_wconf 79' lang='lat' dir='ltr'>usque</span> <span class='ocrx_word' id='word_1_115' title='bbox 1010 1940 1117 2018; x_wconf 78' lang='lat' dir='ltr'>caput</span> 
     </span>
     <span class='ocr_line' id='line_1_16' title="bbox 110 2036 1117 2121; baseline 0.005 -22"><span class='ocrx_word' id='word_1_116' title='bbox 110 2036 299 2121; x_wconf 88' lang='lat' dir='ltr'>planissime</span> <span class='ocrx_word' id='word_1_117' title='bbox 313 2037 547 2103; x_wconf 79' lang='lat' dir='ltr'>excutiendam</span> <span class='ocrx_word' id='word_1_118' title='bbox 559 2058 642 2103; x_wconf 90' lang='lat' dir='ltr'>esse.</span> <span class='ocrx_word' id='word_1_119' title='bbox 658 2038 696 2102; x_wconf 93' lang='lat' dir='ltr'>In</span> <span class='ocrx_word' id='word_1_120' title='bbox 709 2057 747 2103; x_wconf 94' lang='lat' dir='ltr'>eo</span> <span class='ocrx_word' id='word_1_121' title='bbox 760 2044 871 2102; x_wconf 90' lang='lat' dir='ltr'>autem</span> <span class='ocrx_word' id='word_1_122' title='bbox 884 2038 1117 2105; x_wconf 85' lang='lat' dir='ltr'>Lachmannus</span> 
     </span>
    </p>
   </div>
   <div class='ocr_carea' id='block_1_7' title="bbox 108 2143 1115 2330">
    <p class='ocr_par' dir='ltr' id='par_1_7' title="bbox 108 2143 1115 2330">
     <span class='ocr_line' id='line_1_17' title="bbox 108 2143 1115 2228; baseline 0.003 -22"><span class='ocrx_word' id='word_1_123' title='bbox 108 2144 223 2228; x_wconf 87' lang='lat' dir='ltr'>quique</span> <span class='ocrx_word' id='word_1_124' title='bbox 246 2145 277 2208; x_wconf 90' lang='lat' dir='ltr'>ei</span> <span class='ocrx_word' id='word_1_125' title='bbox 301 2145 528 2209; x_wconf 89' lang='lat' dir='ltr'>assentiuntur</span> <span class='ocrx_word' id='word_1_126' title='bbox 551 2143 632 2208; x_wconf 93' lang='lat' dir='ltr'>mihi</span> <span class='ocrx_word' id='word_1_127' title='bbox 648 2143 808 2210; x_wconf 86' lang='lat' dir='ltr'>videntur</span> <span class='ocrx_word' id='word_1_128' title='bbox 824 2143 908 2221; x_wconf 85' lang='lat' dir='ltr'>falli,</span> <span class='ocrx_word' id='word_1_129' title='bbox 929 2143 1015 2228; x_wconf 91' lang='lat' dir='ltr'>quod</span> <span class='ocrx_word' id='word_1_130' title='bbox 1031 2145 1115 2210; x_wconf 79' lang='lat' dir='ltr'>ruit-</span> 
     </span>
     <span class='ocr_line' id='line_1_18' title="bbox 109 2245 1114 2330; baseline 0.003 -23"><span class='ocrx_word' id='word_1_131' title='bbox 109 2251 179 2310; x_wconf 84' lang='lat' dir='ltr'>tere</span> <span class='ocrx_word' id='word_1_132' title='bbox 201 2245 353 2310; x_wconf 89' lang='lat' dir='ltr'>absolute</span> <span class='ocrx_word' id='word_1_133' title='bbox 366 2264 506 2330; x_wconf 89' lang='lat' dir='ltr'>perraro</span> <span class='ocrx_word' id='word_1_134' title='bbox 524 2246 576 2310; x_wconf 92' lang='lat' dir='ltr'>usi</span> <span class='ocrx_word' id='word_1_135' title='bbox 601 2250 677 2309; x_wconf 89' lang='lat' dir='ltr'>sunt</span> <span class='ocrx_word' id='word_1_136' title='bbox 689 2245 845 2311; x_wconf 88' lang='lat' dir='ltr'>Romani:</span> <span class='ocrx_word' id='word_1_137' title='bbox 861 2266 962 2310; x_wconf 90' lang='lat' dir='ltr'>unum</span> <span class='ocrx_word' id='word_1_138' title='bbox 979 2247 1114 2312; x_wconf 90' lang='lat' dir='ltr'>omnino</span> 
     </span>
    </p>
   </div>
   <div class='ocr_carea' id='block_1_8' title="bbox 15 2349 1115 3607">
    <p class='ocr_par' dir='ltr' id='par_1_8' title="bbox 15 2349 1115 3074">
     <span class='ocr_line' id='line_1_19' title="bbox 108 2349 1115 2437; baseline 0.005 -25"><span class='ocrx_word' id='word_1_139' title='bbox 108 2349 291 2436; x_wconf 76' lang='lat' dir='ltr'>exemplum</span> <span class='ocrx_word' id='word_1_140' title='bbox 314 2352 430 2416; x_wconf 86' lang='lat' dir='ltr'>iuveni</span> <span class='ocrx_word' id='word_1_141' title='bbox 452 2349 539 2437; x_wconf 88' lang='lat' dir='ltr'>apud</span> <span class='ocrx_word' id='word_1_142' title='bbox 566 2350 663 2417; x_wconf 82' lang='lat' dir='ltr'>Ouid.</span> <span class='ocrx_word' id='word_1_143' title='bbox 690 2351 789 2417; x_wconf 82' lang='lat' dir='ltr'>Fast.</span> <span class='ocrx_word' id='word_1_144' title='bbox 823 2350 941 2416; x_wconf 60' lang='lat'>3584:</span> <span class='ocrx_word' id='word_1_145' title='bbox 970 2351 1115 2426; x_wconf 85' lang='lat' dir='ltr'>«Quam</span> 
     </span>
     <span class='ocr_line' id='line_1_20' title="bbox 109 2454 1114 2544; baseline 0.002 -23"><span class='ocrx_word' id='word_1_146' title='bbox 109 2463 267 2540; x_wconf 86' lang='lat' dir='ltr'>quantum</span> <span class='ocrx_word' id='word_1_147' title='bbox 289 2459 404 2522; x_wconf 83' lang='lat' dir='ltr'>novies</span> <span class='ocrx_word' id='word_1_148' title='bbox 426 2458 566 2524; x_wconf 78' lang='lat' dir='ltr'>mittere</span> <span class='ocrx_word' id='word_1_149' title='bbox 588 2454 694 2523; x_wconf 83' lang='lat' dir='ltr'>funda</span> <span class='ocrx_word' id='word_1_150' title='bbox 710 2462 829 2542; x_wconf 88' lang='lat' dir='ltr'>potest,</span> <span class='ocrx_word' id='word_1_151' title='bbox 843 2481 860 2517; x_wconf 93' lang='lat'>&gt;›</span> <span class='ocrx_word' id='word_1_152' title='bbox 875 2478 916 2521; x_wconf 90' lang='lat' dir='ltr'>ne</span> <span class='ocrx_word' id='word_1_153' title='bbox 933 2456 967 2522; x_wconf 94' lang='lat' dir='ltr'>id</span> <span class='ocrx_word' id='word_1_154' title='bbox 983 2457 1114 2544; x_wconf 88' lang='lat' dir='ltr'>quidem</span> 
     </span>
     <span class='ocr_line' id='line_1_21' title="bbox 15 2561 1112 2658; baseline 0.001 -32"><span class='ocrx_word' id='word_1_155' title='bbox 15 2643 17 2658; x_wconf 39' lang='grc' dir='ltr'>Ι</span> <span class='ocrx_word' id='word_1_156' title='bbox 108 2561 146 2626; x_wconf 89' lang='lat' dir='ltr'>ad</span> <span class='ocrx_word' id='word_1_157' title='bbox 158 2561 199 2639; x_wconf 88' lang='lat' dir='ltr'>id,</span> <span class='ocrx_word' id='word_1_158' title='bbox 214 2562 300 2647; x_wconf 89' lang='lat' dir='ltr'>quod</span> <span class='ocrx_word' id='word_1_159' title='bbox 313 2563 443 2640; x_wconf 90' lang='lat' dir='ltr'>volunt,</span> <span class='ocrx_word' id='word_1_160' title='bbox 456 2561 681 2640; x_wconf 83' lang='lat' dir='ltr'>efficiendum,</span> <span class='ocrx_word' id='word_1_161' title='bbox 697 2561 958 2639; x_wconf 83' lang='lat' dir='ltr'>accomodatum,</span> <span class='ocrx_word' id='word_1_162' title='bbox 977 2563 1039 2628; x_wconf 88' lang='lat' dir='ltr'>etsi</span> <span class='ocrx_word' id='word_1_163' title='bbox 1054 2563 1112 2628; x_wconf 87' lang='lat' dir='ltr'>El-</span> 
     </span>
     <span class='ocr_line' id='line_1_22' title="bbox 109 2666 1113 2756; baseline 0.003 -26"><span class='ocrx_word' id='word_1_164' title='bbox 109 2666 199 2732; x_wconf 88' lang='lat' dir='ltr'>lisius</span> <span class='ocrx_word' id='word_1_165' title='bbox 214 2688 252 2734; x_wconf 89' lang='lat' dir='ltr'>eo</span> <span class='ocrx_word' id='word_1_166' title='bbox 266 2670 337 2754; x_wconf 90' lang='lat' dir='ltr'>ipso</span> <span class='ocrx_word' id='word_1_167' title='bbox 353 2669 491 2734; x_wconf 86' lang='lat' dir='ltr'>nititur:</span> <span class='ocrx_word' id='word_1_168' title='bbox 505 2687 648 2756; x_wconf 88' lang='lat' dir='ltr'>namque</span> <span class='ocrx_word' id='word_1_169' title='bbox 660 2668 747 2755; x_wconf 90' lang='lat' dir='ltr'>apud</span> <span class='ocrx_word' id='word_1_170' title='bbox 759 2667 911 2734; x_wconf 89' lang='lat' dir='ltr'>Ovidium</span> <span class='ocrx_word' id='word_1_171' title='bbox 928 2668 1113 2734; x_wconf 88' lang='lat' dir='ltr'>subiectum</span> 
     </span>
     <span class='ocr_line' id='line_1_23' title="bbox 107 2775 1113 2859; baseline 0.004 -22"><span class='ocrx_word' id='word_1_172' title='bbox 107 2775 195 2839; x_wconf 85' lang='lat' dir='ltr'>verbi</span> <span class='ocrx_word' id='word_1_173' title='bbox 219 2782 271 2841; x_wconf 86' lang='lat' dir='ltr'>est</span> <span class='ocrx_word' id='word_1_174' title='bbox 293 2776 420 2859; x_wconf 74' lang='lat' dir='ltr'>funda,</span> <span class='ocrx_word' id='word_1_175' title='bbox 446 2777 482 2839; x_wconf 91' lang='lat' dir='ltr'>in</span> <span class='ocrx_word' id='word_1_176' title='bbox 506 2795 608 2840; x_wconf 86' lang='lat' dir='ltr'>versu</span> <span class='ocrx_word' id='word_1_177' title='bbox 643 2775 766 2842; x_wconf 88' lang='lat' dir='ltr'>Catulli</span> <span class='ocrx_word' id='word_1_178' title='bbox 799 2795 881 2841; x_wconf 84' lang='lat' dir='ltr'>voro</span> <span class='ocrx_word' id='word_1_179' title='bbox 909 2775 1037 2843; x_wconf 91' lang='lat' dir='ltr'>nullum</span> <span class='ocrx_word' id='word_1_180' title='bbox 1061 2784 1113 2841; x_wconf 90' lang='lat' dir='ltr'>est</span> 
     </span>
     <span class='ocr_line' id='line_1_24' title="bbox 106 2881 1113 2967; baseline 0.003 -23"><span class='ocrx_word' id='word_1_181' title='bbox 106 2881 298 2948; x_wconf 79' lang='lat' dir='ltr'>subiectum.</span> <span class='ocrx_word' id='word_1_182' title='bbox 324 2881 496 2948; x_wconf 85' lang='lat' dir='ltr'>Absonum</span> <span class='ocrx_word' id='word_1_183' title='bbox 521 2886 572 2946; x_wconf 89' lang='lat' dir='ltr'>est</span> <span class='ocrx_word' id='word_1_184' title='bbox 594 2883 699 2967; x_wconf 86' lang='lat' dir='ltr'>igitur</span> <span class='ocrx_word' id='word_1_185' title='bbox 722 2883 864 2947; x_wconf 79' lang='lat' dir='ltr'>mittere</span> <span class='ocrx_word' id='word_1_186' title='bbox 887 2882 979 2948; x_wconf 79' lang='lat' dir='ltr'>telis:</span> <span class='ocrx_word' id='word_1_187' title='bbox 1003 2881 1113 2948; x_wconf 85' lang='lat' dir='ltr'>dioen-</span> 
     </span>
     <span class='ocr_line' id='line_1_25' title="bbox 108 2985 860 3074; baseline 0.001 -23"><span class='ocrx_word' id='word_1_188' title='bbox 108 2985 181 3052; x_wconf 90' lang='lat' dir='ltr'>dum</span> <span class='ocrx_word' id='word_1_189' title='bbox 202 2994 260 3053; x_wconf 90' lang='lat' dir='ltr'>aut</span> <span class='ocrx_word' id='word_1_190' title='bbox 276 2994 401 3074; x_wconf 77' lang='lat' dir='ltr'>petere</span> <span class='ocrx_word' id='word_1_191' title='bbox 425 2989 512 3064; x_wconf 79' lang='lat' dir='ltr'>telis,</span> <span class='ocrx_word' id='word_1_192' title='bbox 535 2989 756 3056; x_wconf 78' lang='lat' dir='ltr'>aut&#39;ma&#39;ttere</span> <span class='ocrx_word' id='word_1_193' title='bbox 780 2988 860 3054; x_wconf 85' lang='lat' dir='ltr'>tela.</span> 
     </span>
    </p>

    <p class='ocr_par' dir='ltr' id='par_1_9' title="bbox 105 3079 1114 3607">
     <span class='ocr_line' id='line_1_26' title="bbox 146 3079 1112 3180; baseline 0.001 -21"><span class='ocrx_word' id='word_1_194' title='bbox 146 3092 229 3159; x_wconf 85' lang='lat' dir='ltr'>Sunt</span> <span class='ocrx_word' id='word_1_195' title='bbox 245 3101 278 3160; x_wconf 89' lang='lat' dir='ltr'>et</span> <span class='ocrx_word' id='word_1_196' title='bbox 299 3094 375 3158; x_wconf 90' lang='lat' dir='ltr'>alia:</span> <span class='ocrx_word' id='word_1_197' title='bbox 401 3093 562 3179; x_wconf 87' lang='lat' dir='ltr'>siquidem</span> <span class='ocrx_word' id='word_1_198' title='bbox 581 3095 658 3160; x_wconf 78' lang='lat' dir='ltr'>telis</span> <span class='ocrx_word' id='word_1_199' title='bbox 673 3093 841 3178; x_wconf 80' lang='lat' dir='ltr'>infestum</span> <span class='ocrx_word' id='word_1_200' title='bbox 856 3079 965 3180; x_wconf 78' lang='lat' dir='ltr'>eaput</span> <span class='ocrx_word' id='word_1_201' title='bbox 981 3113 1049 3160; x_wconf 92' lang='lat' dir='ltr'>non</span> <span class='ocrx_word' id='word_1_202' title='bbox 1066 3095 1112 3160; x_wconf 86' lang='lat' dir='ltr'>ita</span> 
     </span>
     <span class='ocr_line' id='line_1_27' title="bbox 105 3199 1114 3285; baseline 0.003 -21"><span class='ocrx_word' id='word_1_203' title='bbox 105 3199 223 3264; x_wconf 91' lang='lat' dir='ltr'>bonum</span> <span class='ocrx_word' id='word_1_204' title='bbox 247 3205 307 3282; x_wconf 85' lang='lat' dir='ltr'>est,</span> <span class='ocrx_word' id='word_1_205' title='bbox 333 3201 517 3285; x_wconf 86' lang='lat' dir='ltr'>perbonam</span> <span class='ocrx_word' id='word_1_206' title='bbox 541 3200 753 3266; x_wconf 81' lang='lat' dir='ltr'>econtrario</span> <span class='ocrx_word' id='word_1_207' title='bbox 777 3200 848 3266; x_wconf 81' lang='lat' dir='ltr'>talu</span> <span class='ocrx_word' id='word_1_208' title='bbox 874 3201 1013 3284; x_wconf 80' lang='lat' dir='ltr'>inferta.</span> <span class='ocrx_word' id='word_1_209' title='bbox 1028 3201 1114 3267; x_wconf 90' lang='lat' dir='ltr'>Res·</span> 
     </span>
     <span class='ocr_line' id='line_1_28' title="bbox 105 3305 1110 3390; baseline 0.001 -19"><span class='ocrx_word' id='word_1_210' title='bbox 105 3309 276 3390; x_wconf 85' lang='lat' dir='ltr'>pexeritne</span> <span class='ocrx_word' id='word_1_211' title='bbox 299 3307 341 3372; x_wconf 90' lang='lat' dir='ltr'>ad</span> <span class='ocrx_word' id='word_1_212' title='bbox 364 3305 509 3373; x_wconf 89' lang='lat' dir='ltr'>Gellium</span> <span class='ocrx_word' id='word_1_213' title='bbox 532 3306 609 3386; x_wconf 83' lang='lat'>9,12</span> <span class='ocrx_word' id='word_1_214' title='bbox 631 3306 877 3386; x_wconf 83' lang='lat' dir='ltr'>Lachmannus‚</span> <span class='ocrx_word' id='word_1_215' title='bbox 901 3310 1034 3386; x_wconf 88' lang='lat' dir='ltr'>nosoio;</span> <span class='ocrx_word' id='word_1_216' title='bbox 1062 3309 1110 3374; x_wconf 92' lang='lat' dir='ltr'>ibi</span> 
     </span>
     <span class='ocr_line' id='line_1_29' title="bbox 105 3411 1110 3500; baseline 0.003 -24"><span class='ocrx_word' id='word_1_217' title='bbox 105 3411 230 3478; x_wconf 87' lang='lat' dir='ltr'>Gellius</span> <span class='ocrx_word' id='word_1_218' title='bbox 255 3413 294 3479; x_wconf 90' lang='lat' dir='ltr'>de</span> <span class='ocrx_word' id='word_1_219' title='bbox 316 3414 430 3479; x_wconf 82' lang='lat' dir='ltr'>verbis</span> <span class='ocrx_word' id='word_1_220' title='bbox 455 3417 525 3500; x_wconf 87' lang='lat' dir='ltr'>agit</span> <span class='ocrx_word' id='word_1_221' title='bbox 548 3431 632 3500; x_wconf 88' lang='lat' dir='ltr'>quae</span> <span class='ocrx_word' id='word_1_222' title='bbox 658 3413 780 3499; x_wconf 89' lang='lat' dir='ltr'>duplioi</span> <span class='ocrx_word' id='word_1_223' title='bbox 815 3411 995 3498; x_wconf 90' lang='lat' dir='ltr'>eademque</span> <span class='ocrx_word' id='word_1_224' title='bbox 1026 3435 1110 3480; x_wconf 87' lang='lat' dir='ltr'>oon-</span> 
     </span>
     <span class='ocr_line' id='line_1_30' title="bbox 105 3519 1108 3607; baseline 0.002 -25"><span class='ocrx_word' id='word_1_225' title='bbox 105 3521 207 3585; x_wconf 87' lang='lat' dir='ltr'>traria</span> <span class='ocrx_word' id='word_1_226' title='bbox 229 3519 472 3607; x_wconf 80' lang='lat' dir='ltr'>significatione</span> <span class='ocrx_word' id='word_1_227' title='bbox 496 3519 690 3606; x_wconf 86' lang='lat' dir='ltr'>gauderent:</span> <span class='ocrx_word' id='word_1_228' title='bbox 708 3520 968 3605; x_wconf 78' lang='lat' dir='ltr'>formidolosus</span> <span class='ocrx_word' id='word_1_229' title='bbox 992 3520 1108 3605; x_wconf 87' lang='lat' dir='ltr'>inquit,</span> 
     </span>
    </p>
   </div>
   <div class='ocr_carea' id='block_1_9' title="bbox 105 3622 1236 3720">
    <p class='ocr_par' dir='ltr' id='par_1_10' title="bbox 105 3622 1236 3720">
     <span class='ocr_line' id='line_1_31' title="bbox 105 3622 1236 3720; baseline 0.01 -33"><span class='ocrx_word' id='word_1_230' title='bbox 105 3622 167 3689; x_wconf 85' lang='lat' dir='ltr'>diei</span> <span class='ocrx_word' id='word_1_231' title='bbox 188 3633 295 3710; x_wconf 87' lang='lat' dir='ltr'>potest</span> <span class='ocrx_word' id='word_1_232' title='bbox 319 3633 352 3693; x_wconf 90' lang='lat' dir='ltr'>et</span> <span class='ocrx_word' id='word_1_233' title='bbox 376 3627 433 3712; x_wconf 89' lang='lat' dir='ltr'>qui</span> <span class='ocrx_word' id='word_1_234' title='bbox 456 3626 615 3692; x_wconf 86' lang='lat' dir='ltr'>formidat</span> <span class='ocrx_word' id='word_1_235' title='bbox 638 3633 671 3692; x_wconf 87' lang='lat' dir='ltr'>et</span> <span class='ocrx_word' id='word_1_236' title='bbox 694 3628 752 3712; x_wconf 92' lang='lat' dir='ltr'>qui</span> <span class='ocrx_word' id='word_1_237' title='bbox 774 3625 984 3707; x_wconf 66' lang='lat' dir='ltr'>formidatum</span> <span class='ocrx_word' id='word_1_238' title='bbox 1012 3627 1126 3720; x_wconf 16' lang='lat' dir='ltr'>iuvi-U</span> <span class='ocrx_word' id='word_1_239' title='bbox 1229 3652 1236 3670; x_wconf 90' lang='lat'><strong>·</strong></span> 
     </span>
    </p>
   </div>
   <div class='ocr_carea' id='block_1_10' title="bbox 102 3731 1190 4140">
    <p class='ocr_par' dir='ltr' id='par_1_11' title="bbox 103 3731 1110 4034">
     <span class='ocr_line' id='line_1_32' title="bbox 103 3731 1110 3819; baseline 0.007 -24"><span class='ocrx_word' id='word_1_240' title='bbox 103 3731 220 3800; x_wconf 82' lang='lat' dir='ltr'>diosus</span> <span class='ocrx_word' id='word_1_241' title='bbox 244 3739 277 3800; x_wconf 93' lang='lat' dir='ltr'>et</span> <span class='ocrx_word' id='word_1_242' title='bbox 300 3733 506 3819; x_wconf 88' lang='lat' dir='ltr'>quiinvidet</span> <span class='ocrx_word' id='word_1_243' title='bbox 529 3739 562 3800; x_wconf 87' lang='lat' dir='ltr'>et</span> <span class='ocrx_word' id='word_1_244' title='bbox 585 3734 640 3799; x_wconf 89' lang='lat' dir='ltr'>oui</span> <span class='ocrx_word' id='word_1_245' title='bbox 663 3732 853 3809; x_wconf 85' lang='lat' dir='ltr'>invidetur;</span> <span class='ocrx_word' id='word_1_246' title='bbox 891 3733 1110 3818; x_wconf 75' lang='lat' dir='ltr'>suspitiosus</span> 
     </span>
     <span class='ocr_line' id='line_1_33' title="bbox 104 3841 1110 3928; baseline 0.009 -27"><span class='ocrx_word' id='word_1_247' title='bbox 104 3844 134 3902; x_wconf 91' lang='lat' dir='ltr'>et</span> <span class='ocrx_word' id='word_1_248' title='bbox 156 3841 210 3924; x_wconf 86' lang='lat' dir='ltr'>qui</span> <span class='ocrx_word' id='word_1_249' title='bbox 234 3842 424 3926; x_wconf 85' lang='lat' dir='ltr'>suspicatur</span> <span class='ocrx_word' id='word_1_250' title='bbox 448 3847 481 3906; x_wconf 88' lang='lat' dir='ltr'>et</span> <span class='ocrx_word' id='word_1_251' title='bbox 504 3842 561 3926; x_wconf 89' lang='lat' dir='ltr'>qui</span> <span class='ocrx_word' id='word_1_252' title='bbox 595 3847 766 3928; x_wconf 87' lang='lat' dir='ltr'>suspectus</span> <span class='ocrx_word' id='word_1_253' title='bbox 800 3846 868 3919; x_wconf 92' lang='lat' dir='ltr'>est;</span> <span class='ocrx_word' id='word_1_254' title='bbox 904 3841 1110 3910; x_wconf 77' lang='lat' dir='ltr'>ambitiosus</span> 
     </span>
     <span class='ocr_line' id='line_1_34' title="bbox 104 3948 1109 4034; baseline 0.006 -26"><span class='ocrx_word' id='word_1_255' title='bbox 104 3956 133 4008; x_wconf 91' lang='lat' dir='ltr'>et</span> <span class='ocrx_word' id='word_1_256' title='bbox 148 3948 202 4031; x_wconf 89' lang='lat' dir='ltr'>qui</span> <span class='ocrx_word' id='word_1_257' title='bbox 218 3948 322 4014; x_wconf 89' lang='lat' dir='ltr'>ambit</span> <span class='ocrx_word' id='word_1_258' title='bbox 337 3955 370 4014; x_wconf 90' lang='lat' dir='ltr'>et</span> <span class='ocrx_word' id='word_1_259' title='bbox 386 3948 442 4033; x_wconf 90' lang='lat' dir='ltr'>qui</span> <span class='ocrx_word' id='word_1_260' title='bbox 459 3949 623 4025; x_wconf 82' lang='lat' dir='ltr'>ambitur3</span> <span class='ocrx_word' id='word_1_261' title='bbox 647 3949 830 4034; x_wconf 66' lang='lat' dir='ltr'>oralionus</span> <span class='ocrx_word' id='word_1_262' title='bbox 846 3955 881 4013; x_wconf 88' lang='lat' dir='ltr'>et</span> <span class='ocrx_word' id='word_1_263' title='bbox 893 3949 949 4034; x_wconf 90' lang='lat' dir='ltr'>qui</span> <span class='ocrx_word' id='word_1_264' title='bbox 973 3949 1109 4015; x_wconf 86' lang='lat' dir='ltr'>adhibet</span> 
     </span>
    </p>

    <p class='ocr_par' dir='ltr' id='par_1_12' title="bbox 102 4038 1190 4140">
     <span class='ocr_line' id='line_1_35' title="bbox 102 4038 1190 4140; baseline 0.005 -25"><span class='ocrx_word' id='word_1_265' title='bbox 102 4038 224 4134; x_wconf 86' lang='lat' dir='ltr'>gratias</span> <span class='ocrx_word' id='word_1_266' title='bbox 248 4060 280 4119; x_wconf 90' lang='lat' dir='ltr'>et</span> <span class='ocrx_word' id='word_1_267' title='bbox 304 4055 361 4140; x_wconf 90' lang='lat' dir='ltr'>qui</span> <span class='ocrx_word' id='word_1_268' title='bbox 385 4054 541 4131; x_wconf 88' lang='lat' dir='ltr'>admittit;</span> <span class='ocrx_word' id='word_1_269' title='bbox 567 4054 767 4120; x_wconf 78' lang='lat' dir='ltr'>laboriosus</span> <span class='ocrx_word' id='word_1_270' title='bbox 790 4060 823 4120; x_wconf 90' lang='lat' dir='ltr'>et</span> <span class='ocrx_word' id='word_1_271' title='bbox 847 4055 903 4140; x_wconf 92' lang='lat' dir='ltr'>qui</span> <span class='ocrx_word' id='word_1_272' title='bbox 927 4053 1060 4123; x_wconf 87' lang='lat' dir='ltr'>laborat</span> <span class='ocrx_word' id='word_1_273' title='bbox 1076 4063 1108 4120; x_wconf 88' lang='lat' dir='ltr'>et</span> <span class='ocrx_word' id='word_1_274' title='bbox 1182 4039 1190 4048; x_wconf 65' lang='grc'><em>’</em></span> 
     </span>
    </p>
   </div>
   <div class='ocr_carea' id='block_1_11' title="bbox 0 0 1528 5096">
    <p class='ocr_par' dir='ltr' id='par_1_13' title="bbox 0 0 1528 5096">
     <span class='ocr_line' id='line_1_36' title="bbox 0 0 1528 5096; baseline 0 3"><span class='ocrx_word' id='word_1_275' title='bbox 0 0 1528 5096; x_wconf 95' lang='lat' dir='ltr'> </span> 
     </span>
    </p>
   </div>
  </div>
 </body>
</html>
