3046 5096
565 532 569 544 ἱ
592 473 631 514 un
650 473 800 514 urrunnun
823 455 898 512 Illo
1185 460 1221 514 45

232 586 422 655 mirandum
439 585 621 674 Hauptium
646 584 861 653 Lachmanno
876 603 1049 651 assensum
1061 584 1173 652 fuisse.
1186 584 1255 651 Alii

233 698 277 763 ad
299 696 478 762 lectionem
502 695 654 761 codicum
679 694 857 759 redierunt
873 691 1008 759 edentes
1025 689 1087 781 (siu
1103 691 1254 780 Ellisius)

236 805 322 870 dum
332 804 518 887 modoz'pse
530 809 639 889 epeat,
655 802 690 866 In
706 822 772 886 qua
791 806 895 878 certe,
911 801 940 865 si
953 799 1082 866 hlatum
1099 802 1255 887 excipias

234 913 322 978 nihil
338 918 398 988 est,
418 910 653 996 quodquidem
672 907 830 974 offendat.
844 907 914 974 Alii
930 928 1012 975 uero
1026 906 1088 996 (sie
1101 911 1142 976 L.
1157 909 1254 976 Miill.

236 1018 344 1104 praef.
370 1039 401 1104 p.
425 1017 637 1103 XXXVIII),
660 1036 762 1105 quum
778 1035 885 1102 neque
901 1017 937 1080 in
954 1019 1077 1082 ceteris
1095 1017 1258 1083 Catullia-

236 1129 300 1203 nis‚
319 1145 429 1210 neque
446 1123 532 1210 apud
551 1125 701 1212 reliquos
718 1127 887 1192 Romanos
910 1130 1065 1190 auctores
1090 1124 1125 1189 in
1149 1125 1258 1190 altero

236 1233 439 1320 pentametri
463 1231 676 1297 hemIstiehio
696 1231 810 1296 hlatus
835 1252 983 1317 unquam
1007 1237 1176 1311 occurrat,
1200 1251 1259 1296 ne-

237 1346 319 1428 gant
331 1339 503 1409 Catullum
516 1339 580 1404 hoc
595 1340 629 1403 in
642 1337 714 1404 loco
728 1339 774 1403 ita
788 1340 973 1424 scripsisse.
985 1340 1143 1407 Ceterum
1156 1339 1258 1405 Muel-

237 1451 329 1515 lerus
353 1467 454 1533 quum
474 1447 589 1512 ederet
608 1446 694 1511 dum
718 1447 821 1512 modo
843 1466 881 1513 eo
907 1447 983 1532 ipse
1000 1454 1109 1531 epeat,
1127 1447 1257 1514 hiatum

238 1557 369 1648 quIdem
383 1556 529 1632 sustulit,
542 1554 600 1621 sed
613 1574 748 1620 versum
762 1556 1023 1640 Inconcinnumr
1036 1555 1171 1621 eddidit.
1184 1555 1257 1642 Ego

240 1671 351 1731 autem
375 1663 590 1730 scribendum
618 1683 742 1728 censeo
770 1663 856 1728 dum
882 1663 1007 1728 doetus
1035 1664 1116 1748 ipsa
1144 1649 1256 1751 ὀρθαί.

240 1776 346 1851 Quem
365 1791 470 1836 meam
493 1771 674 1860 lectionem
698 1771 726 1834 si
750 1769 948 1856 experiendi
972 1789 1074 1837 causa
1099 1773 1256 1858 accipias,

240 1881 369 1946 videbis
385 1898 452 1944 non
470 1878 567 1945 modo
584 1879 619 1943 in
635 1877 818 1964 penultImo
834 1897 949 1955 uersu,
964 1877 1022 1943 sed
1038 1879 1139 1948 etiam
1155 1881 1191 1944 in
1208 1881 1260 1945 ul-

240 1991 320 2055 timo
336 1987 427 2053 belle
442 1986 570 2076 sihiex
586 1979 777 2051 Catulliano
789 1984 920 2052 dicendi
933 2005 1057 2072 genere
1071 1985 1128 2074 (uf.
1142 2008 1214 2074 cap.
1228 1987 1259 2053 Il

242 2096 270 2185 §.
288 2095 348 2184 IV)
366 2094 470 2160 verba
487 2094 710 2180 respondere:
737 2094 772 2159 in
789 2095 972 2179 penultimo
989 2095 1078 2160 enlm
1099 2116 1200 2162 uersu
1223 2110 1259 2180 τῷ

242 2204 392 2271 conredo
416 2204 465 2270 sit
490 2203 602 2270 dives.
614 2202 815 2288 respondent
828 2205 914 2270 dum
930 2206 1050 2270 omniu
1066 2203 1200 2270 desint:
1224 2206 1258 2269 in

241 2313 357 2378 ultImo
380 2311 430 2399 (in
454 2332 520 2399 quo
539 2311 781 2377 Lachmannus
802 2318 835 2377 et
859 2313 1023 2397 HauptIus
1047 2312 1082 2377 id
1105 2332 1186 2378 sane
1211 2313 1261 2376 iu-

242 2420 446 2488 tellexerunt
483 2420 613 2504 requiri
653 2419 918 2496 substantivum,
959 2417 1016 2506 qui
1052 2420 1292 2508 substantivo⁴

242 2529 353 2594 saltui
375 2526 609 2612 responderet,
636 2526 693 2592 sed
718 2525 811 2591 aliud
835 2546 889 2592 eos
913 2527 1017 2612 fugit,
1044 2528 1202 2593 nimIrum
1234 2527 1261 2594 si

244 2637 430 2702 subiectum
456 2636 500 2700 sit
523 2636 609 2718 ipse,
657 2635 743 2700 siout
774 2640 916 2719 uterque
947 2635 1092 2710 volebat,
1110 2639 1261 2720 praeter·

244 2763 344 2828 quam
368 2742 457 2827 quod
481 2742 669 2821 sententia,
698 2741 747 2807 uti
772 2741 868 2807 modo
899 2742 1088 2812 monebam.
1121 2741 1262 2808 efficItur

243 2871 357 2938 prava,
382 2851 487 2915 verba
513 2850 603 2915 inter
629 2870 664 2916 se
689 2851 800 2914 minus
816 2849 906 2914 helle
925 2849 1141 2937 respondere)
1160 2851 1193 2914 in
1209 2851 1261 2914 ul·

244 2961 322 3024 timo
345 2980 378 3024 v.
400 2959 482 3024 suite
499 2958 635 3024 omnino
654 2964 687 3023 et
711 2963 831 3043 argute
855 2957 968 3025 saltui
992 2957 1172 3024 laudando
1197 2959 1262 3025 Ca·
1351 3025 1353 3034 s

244 3067 346 3132 tullus
371 3068 581 3152 opposuisset
604 3067 732 3132 domus
756 3085 875 3152 epona.

303 3175 373 3239 Iam
397 3180 489 3259 leges
512 3174 629 3260 igitur,
659 3174 686 3238 si
721 3192 797 3238 meu
829 3173 967 3258 probas,
1005 3192 1141 3239 carmen
1177 3174 1262 3238 Inte·

245 3303 343 3371 grum
368 3283 436 3348 lta:

325 3445 473 3504 Firmano
496 3445 575 3504 saltu
591 3462 651 3503 non
671 3445 748 3504 falso
770 3446 907 3505 Mentula
929 3447 1015 3504 dives

366 3544 490 3613 Fertur,
514 3543 565 3620 qui
585 3548 630 3602 tot
651 3561 701 3602 res
722 3545 752 3601 in
773 3563 805 3603 se
826 3543 1088 3620 habet'egregias‚

327 3642 509 3719 Aucupium‚
533 3660 622 3700 omne
643 3659 739 3718 genus
755 3641 854 3719 piscis,
872 3649 970 3719 prata,
986 3661 1062 3701 arva
1077 3641 1228 3718 ferasque.

364 3740 593 3818 Nequidquam:
618 3739 737 3800 fructus
760 3741 929 3820 sumptibus
950 3748 1108 3816 exuperat.

326 3841 427 3913 Quare
442 3837 574 3898 concedo
596 3839 635 3898 sit
656 3839 750 3914 dives
773 3841 844 3899 dum
866 3839 963 3898 omnia
980 3839 1088 3900 desint.

366 3938 483 3998 Saltum
503 3938 671 4011 laudemus,
693 3937 769 3996 dum
791 3937 902 3996 domus
924 3938 994 4015 ipsa
1015 3943 1114 4014 epeut.

624 4143 890 4164 m
