3046 5096
390 395 427 434 nu
446 392 584 444 nonninus
603 393 663 434 1111
680 393 740 436 urst
759 379 803 443 21,
818 378 886 436 1-20
1071 379 1107 432 73
1212 395 1228 421 x

140 507 239 572 nisset
263 505 400 592 (primus
415 505 503 592 apud
519 505 689 576 Romanos
705 505 847 572 instituit
869 503 1045 572 historiam
1061 504 1144 570 scri-

138 615 215 679 bere
237 613 361 682 Fabius
385 612 666 701 Pictor)‚‚tamdiu
689 633 794 680 unum
816 618 1057 678 monumentum
1074 613 1145 680 Ro-

139 739 208 786 mae
231 741 347 786 rerum
384 726 556 807 gestarum
591 719 656 791 fuit
679 719 807 788 Tabula
830 719 914 786 baec
938 740 958 788 a
981 717 1145 786 Pontifice

138 828 283 892 Maximo
318 828 450 915 publice
485 829 696 914 conscripta,
733 847 777 894 ex
811 846 876 913 qua
906 826 1033 905 tabula,
1059 825 1147 912 qnod

138 936 249 1019 quanti
274 935 317 1002 sit
339 936 499 1002 momenti
520 935 687 1002 neminem
715 933 835 1021 fugiet,
860 933 1003 1001 Romani
1027 939 1155 1019 postea

138 1041 305 1107 annalium
340 1025 518 1127 scriptores
556 1061 631 1108 cum
666 1059 782 1106 rerum
816 1040 967 1110 notitiam
1005 1042 1147 1106 mutuati

138 1156 225 1227 sunt,
248 1155 317 1218 tum
343 1152 444 1216 etiam
466 1151 628 1220 rationem
644 1168 759 1216 rerum
775 1153 946 1235 gestarum
961 1167 1021 1234 per
1036 1166 1145 1214 annos

138 1254 395 1342 digerendarum
411 1256 628 1336 derivarunt;
649 1257 748 1324 immo
765 1257 849 1322 haec
867 1255 1034 1325 ratio'non
1049 1253 1146 1322 modo

137 1362 222 1448 apud
246 1365 415 1431 Romanos
432 1363 487 1428 diu
504 1363 648 1430 obtinuit
664 1361 721 1451 (t),
739 1363 798 1430 sed
816 1365 917 1432 etiam
933 1361 1042 1430 Medio
1059 1361 1146 1449 quod

137 1477 259 1536 vocant
282 1470 374 1536 Aevo
399 1490 498 1557 saepo
522 1469 673 1537 adbibita
698 1477 762 1536 est.

178 1577 306 1642 Rerum
338 1585 557 1644 externarum
588 1599 678 1644 nunc
710 1579 896 1666 quaeritur,
920 1584 956 1643 ut
979 1577 1022 1644 ad
1044 1597 1148 1664 argn-

135 1691 284 1750 mentum
309 1687 420 1750 statim
435 1687 579 1775 veniam,
598 1685 759 1770 quomodo
773 1693 806 1751 et
822 1685 910 1752 unde
925 1686 1070 1752 Romani
1087 1705 1148 1753 no-

134 1791 242 1856 titiam
259 1792 535 1878 adipiscerentur,
553 1812 652 1876 quam
669 1792 802 1878 publice
818 1793 987 1860 conscribi
1005 1793 1040 1858 in
1062 1791 1147 1858 Albo

135 1899 234 1963 Pont.
266 1899 402 1964 Maximi
432 1899 595 1964 iuberent.
619 1899 826 1986 Responsum
851 1901 884 1963 in
911 1906 1063 1985 promptu
1087 1907 1147 1976 est,

125 2027 337 2094 ¹quamquam
364 2009 594 2095 quaestionem
618 2026 717 2072 1111111
734 2005 845 2082 adhuc
861 2005 986 2071 intulit.
1006 2005 1149 2071 Externi

135 2115 250 2201 populi
267 2121 323 2180 aut
339 2117 374 2180 in
391 2116 553 2180 dicionem
569 2115 798 2180 Romanorum
814 2114 881 2178 iarn
898 2111 1025 2178 redacti
1039 2119 1145 2190 erant,

135 2228 196 2287 aut
211 2222 357 2288 nondum
380 2227 488 2288 erant:
507 2222 575 2286 iltis
591 2222 827 2308 imperitabant
842 2220 1058 2305 Magistratus
1079 2220 1148 2285 Ro-

135 2331 230 2394 mani
254 2331 431 2416 quotannis
455 2327 496 2394 ad
520 2326 594 2394 illos
629 2329 730 2407 missi,
761 2324 864 2415 penes
889 2347 970 2414 quos
996 2347 1070 2394 cnm
1094 2348 1147 2394 ce-

135 2445 212 2504 tera
236 2444 344 2516 erant,
368 2444 438 2504 tum
463 2437 563 2502 etiam
585 2435 707 2502 docere
730 2435 886 2502 Senatum
911 2441 1017 2500 status
1032 2453 1146 2500 rerum

136 2546 250 2631 qualis
275 2552 364 2612 esset
387 2547 421 2611 in
444 2565 574 2632 quaque
597 2545 794 2631 provincia:
821 2563 863 2608 ex
886 2543 1148 2628 Magistratuum

137 2654 261 2719 titteris
286 2654 475 2720 necessario
492 2651 650 2718 Pontifex
667 2651 835 2717 Maximus
853 2671 892 2716 ea
910 2651 1049 2736 sumpsit
1065 2670 1149 2736 qnae

137 2817 354 2830 -η--ι--ι

177 2911 215 2973 (1)
234 2905 263 2960 Si
276 2904 452 2976 disciplinam
464 2901 598 2958 historias
612 2901 686 2974 apud
697 2899 836 2956 Romanos
849 2898 1064 2956 conscribendae
1076 2904 1149 2954 torn-

137 2998 255 3070 poribns
274 2996 446 3064 distinguere
464 2993 542 3056 velis,
554 2997 663 3048 statuas
676 2991 765 3060 igitur
783 2990 839 3046 ita:
859 2995 925 3045 1111
943 2990 1060 3044 Fabium
1080 2989 1149 3043 Pic-

137 3093 232 3142 torem
250 3085 395 3157 aequalem
414 3084 501 3138 aetati
518 3083 587 3136 belli
600 3080 777 3136 Hannibalici
788 3085 846 3136 erat
863 3080 976 3146 Romae,
991 3083 1020 3133 et
1039 3078 1149 3149 quidem

127 3161 250 3250 ¹publice
269 3177 354 3242 facta,
371 3175 422 3228 hoo
440 3178 484 3230 est
506 3189 620 3260 munere
639 3171 769 3225 Pontifici
788 3171 910 3224 Maximo
924 3168 1026 3237 delato,
1040 3171 1148 3223 notatio

138 3267 275 3340 quaedam
293 3283 385 3320 rerum
404 3268 565 3332 gestarum:
583 3265 728 3336 praeterea
746 3259 835 3326 nulla,
850 3264 984 3331 quantum
997 3259 1110 3312 scimus.
1124 3259 1149 3312 A

137 3358 227 3412 Fabio
245 3356 307 3410 inde
326 3356 437 3409 Pictore
456 3370 544 3424 nsque
563 3352 597 3404 ad
615 3351 780 3406 Pontificem
798 3349 952 3418 Maximum
971 3348 1003 3403 P.
1022 3347 1148 3403 Mucium

137 3448 179 3518 (is
198 3445 328 3500 Pontifex
345 3442 489 3497 Meminit
514 3457 586 3495 anno
599 3441 658 3494 fere
677 3439 712 3495 U.
725 3457 748 3494 c.
762 3437 870 3503 DCXL)
890 3439 1016 3496 fuerunt,
1036 3441 1150 3506 praeter

137 3553 202 3590 eam
220 3534 392 3592 notationem
402 3531 512 3604 publice
522 3532 684 3596 confectam,
698 3527 840 3589 annalium
859 3543 968 3598 quoque
987 3525 1149 3594 scriptores.

136 3623 272 3696 Sequitur
283 3623 369 3678 111111
380 3626 458 3676 aetas
469 3638 523 3694 qna
535 3619 615 3674 nulla
625 3619 680 3673 iam
694 3618 747 3672 fuit
755 3675 758 3684 ,
766 3617 874 3688 publice
888 3616 1014 3669 confecta
1032 3612 1149 3679 notatio,

137 3715 191 3770 sed
210 3712 261 3768 soli
280 3714 428 3784 scriptores
450 3728 496 3766 res
509 3714 678 3766 narrarunt:
698 3723 817 3777 namque
838 3704 951 3759 Latinis
969 3702 1072 3758 litteris
1096 3703 1152 3755 iam

135 3802 248 3876 pridem
266 3802 437 3864 florentibus,
456 3799 644 3870 Romanisque
656 3797 746 3864 magis
759 3796 788 3849 in
803 3794 862 3846 dies
876 3793 967 3847 studio
980 3808 1071 3845 rerum
1085 3806 1152 3858 ges-

135 3901 235 3949 tarum
252 3890 357 3945 litteris
370 3889 588 3945 mandandarnm
600 3886 736 3953 accensis,
748 3898 983 3955 supervacaneum
993 3883 1048 3935 iarn
1061 3881 1152 3934 risum

136 3987 185 4039 cst
204 3981 318 4036 annales
346 3981 517 4052 reipublicae
544 3979 622 4033 iussu
646 3976 810 4040 continuari,
831 3973 879 4050 qni
898 3973 959 4027 ideo
978 3971 1077 4028 confici
1097 3971 1150 4026 do-

136 4075 259 4130 sierunt.
