3046 5096
453 409 490 463 88
724 408 727 413 ’
774 425 810 464 ao
830 427 929 466 urvruu
949 401 1072 475 23‚17,7

507 535 567 601 IV.
596 533 681 601 Satis
696 555 819 622 magna
835 544 908 602 erat
934 557 1014 602 sane
1028 555 1143 614 causa,
1163 556 1224 602 cur
1241 538 1414 616 Hannibal,

420 642 454 706 in
478 642 696 707 conversione
719 643 780 708 illa
804 645 838 709 in
862 644 1043 730 Campania
1067 645 1266 722 animorum,
1294 647 1419 731 Capuae

420 751 569 814 timeret:
597 748 655 814 sed
679 747 744 815 alia
768 769 896 836 quoque
920 769 1020 816 causa
1045 753 1155 816 statim
1189 753 1345 830 accessit,
1371 754 1418 816 cui

420 855 552 920 obviam
576 857 729 920 omnibus
752 858 880 922 viribus
905 858 1049 923 eundum
1081 878 1169 944 esse!
1188 860 1417 942 sagacissimus

419 963 477 1030 ille
502 963 570 1028 dux
593 965 750 1029 continuo
767 965 974 1052 perviderat3
994 967 1151 1030 nimirum
1169 964 1333 1031 adventus
1349 965 1421 1031 alte·

419 1072 490 1135 rius
516 1072 682 1138 exercitus
710 1072 955 1138 Romanorum.
980 1053 1113 1138 Etenim
1150 1072 1252 1137 facile
1289 1094 1367 1138 sane
1394 1075 1420 1138 ei

419 1177 565 1244 fortasse
589 1180 784 1264 contigisset
807 1182 921 1265 parvis
939 1179 1114 1266 praesidiis
1127 1179 1250 1263 ubique
1264 1179 1421 1266 dispositis

415 1287 565 1371 inermes
590 1285 770 1372 oppidanos
796 1290 830 1353 in
855 1288 1035 1374 Campania
1068 1290 1253 1366 continere,
1281 1287 1421 1353 audacio·

417 1394 577 1478 ribusque
616 1395 739 1459 acerbe
774 1396 809 1460 in
830 1395 1062 1461 documentum
1095 1397 1303 1481 reliquorum
1333 1396 1421 1460 casti-

419 1501 504 1586 gatis
544 1501 777 1586 coelestisque,
802 1505 978 1568 universos
1014 1504 1048 1566 in
1079 1503 1231 1568 ordinem
1263 1501 1420 1588 redigere.

390 1636 392 1638 ·
417 1608 490 1673 Hoc
513 1628 641 1692 quoque
665 1609 768 1674 facile
791 1611 853 1674 sibi
876 1630 1108 1675 successurum
1127 1609 1202 1676 fore
1219 1631 1355 1697 sperare
1371 1630 1421 1694 po-

418 1718 480 1780 tuit
499 1715 677 1799 Hannibal,
700 1717 899 1782 Marcellum
912 1718 1070 1802 nimirum
1084 1719 1219 1804 eiusque
1234 1719 1420 1791 exercitum,

419 1822 624 1889 exercitibus
650 1825 719 1888 suis
743 1824 866 1909 ubique
891 1825 1057 1913 oppositis,
1083 1847 1157 1891 cum
1183 1807 1210 1890 a'
1227 1825 1337 1912 Capua
1365 1844 1420 1887 ar-

418 1948 507 2008 cere,
535 1935 603 1996 tum
628 1931 728 1994 etiam
753 1950 772 1995 a
798 1952 855 2015 spe
872 1932 943 2017 ipsa
960 1931 1141 2016 prohibere
1158 1932 1291 2018 Capuae
1308 1933 1420 1995 iterum

417 2037 607 2123 potiundae,
634 2037 743 2123 quoad
772 2038 886 2103 nullus
916 2057 1024 2106 novus
1057 2041 1226 2104 exercitus
1258 2040 1421 2104 Romanus

417 2146 501 2212 fines
526 2145 725 2230 Campaniae
749 2144 997 2230 ingrederetur.
1018 2141 1082 2212 Sed
1106 2167 1197 2212 nuno
1221 2148 1322 2212 multa
1340 2165 1421 2210 nora

417 2252 643 2316 Hannibalern
667 2253 922 2337 perturbabant.
942 2252 1092 2338 Namque
1115 2257 1258 2340 primum
1283 2255 1420 2320 omnium

419 2359 560 2426 Casilini
583 2357 787 2443 praesidium
813 2360 961 2444 agitabat
992 2361 1116 2444 exigua
1141 2381 1259 2426 manus
1286 2361 1421 2426 militum

415 2467 643 2532 Romanorum
662 2467 746 2552 (Liv.
764 2467 894 2544 23,19,8
913 2465 1032 2552 seqq.);
1054 2469 1140 2554 quod
1156 2469 1372 2555 praesidium,
1390 2473 1421 2532 ut

416 2573 585 2639 infirmum
609 2593 669 2659 per
694 2595 739 2651 se,
765 2576 812 2637 ita
837 2580 910 2637 erat
935 2574 1085 2641 futurum
1110 2575 1200 2640 baud
1230 2595 1336 2660 parva
1367 2595 1420 2640 ac-

416 2682 523 2746 cessio
548 2681 682 2756 virium,
703 2681 730 2744 si
746 2701 781 2744 se
799 2701 873 2744 curn
897 2680 982 2746 iusto
1006 2684 1157 2746 exercitu
1181 2684 1418 2747 coniunxisset.

416 2789 542 2854 Romae
574 2794 763 2873 practerea,
789 2788 845 2853 ubi
881 2789 1021 2873 primum
1058 2789 1099 2854 de
1134 2789 1303 2855 Cannensi
1332 2787 1419 2855 clade

417 2897 578 2961 certiores
603 2902 680 2960 sunt
707 2895 799 2972 facti,
825 2895 919 2959 nulla
952 2897 1149 2981 interposita
1185 2917 1290 2975 mora,
1318 2896 1420 2962 omnia

416 3006 559 3071 consilia
584 3004 624 3070 ad
648 3004 855 3090 reparandas
879 3006 1014 3090 Imperii
1037 3007 1129 3071 vires
1154 3006 1289 3072 fuerant
1312 3022 1418 3080 versa;

415 3113 613 3178 Marcellum
636 3112 806 3190 nimirum,
833 3112 873 3176 ab
898 3114 989 3179 Ostia
1015 3119 1215 3192 revocatum,
1247 3113 1420 3178 Canusium

414 3223 521 3308 primo
546 3226 578 3285 et
600 3226 716 3306 postea
740 3221 774 3284 in
800 3221 1015 3304 Campaniam¹
1040 3221 1204 3288 miserant
1228 3219 1313 3306 (Liv.
1330 3217 1421 3296 2257

416 3329 433 3393 1
461 3348 550 3414 seqq.
575 3327 714 3413 Appian.
746 3326 863 3394 Horou.
899 3327 975 3413 27),
1011 3336 1079 3392 tum
1114 3327 1307 3393 dictatorem
1335 3346 1422 3392 crea·

415 3441 506 3510 rant,
533 3436 590 3520 qui
614 3427 723 3499 novas
751 3435 862 3519 copias
900 3440 1045 3519 cogeret,
1071 3435 1116 3499 M.
1140 3435 1269 3500 lunium
1305 3437 1420 3500 Peranr

417 3537 517 3632 (Vide
542 3562 627 3627 quae
651 3541 692 3607 de
716 3541 769 3606 his
793 3542 896 3626 copiis
928 3543 992 3607 iam
1018 3541 1262 3628 disputabimus
1293 3541 1334 3606 ad
1364 3543 1421 3606 Li·

414 3651 507 3715 vium
530 3649 691 3736 cacat).
719 3650 784 3725 Qui
808 3648 961 3726 dictator,
988 3649 1116 3714 duabus
1148 3650 1341 3737 legionibus
1370 3669 1421 3713 ur-

415 3757 512 3822 banis
548 3759 693 3844 scriptis‚
732 3761 910 3842 praeterea
945 3756 1126 3823 volonibus
1148 3756 1206 3845 'lid
1237 3765 1286 3823 est
1321 3757 1420 3823 serris

415 3863 631 3951 voluntariis)
657 3859 796 3950 aliisque
822 3865 927 3930 omnis
951 3866 1087 3948 generis
1116 3862 1277 3930 militibus
1303 3864 1420 3931 coactis

418 3971 507 4062 (Liv.
534 3971 664 4051 22‚57‚o
700 3993 790 4060 seqq.
816 3972 866 4040 Cf.
893 3972 1080 4059 Appianum
1118 3971 1232 4039 Horou.
1258 3972 1314 4060 27)
1351 3989 1420 4035 cum

416 4080 457 4147 iis
482 4081 523 4146 ab
546 4080 636 4146 Urbe
660 4081 694 4144 in
720 4081 933 4166 Campaniam
959 4081 1144 4164 profectus,
1165 4085 1275 4146 eastra
1293 4078 1420 4145 videtur
