<?xml version="1.0" encoding="UTF-8"?>
<!DOCTYPE html PUBLIC "-//W3C//DTD XHTML 1.0 Transitional//EN"
    "http://www.w3.org/TR/xhtml1/DTD/xhtml1-transitional.dtd">
<html xmlns="http://www.w3.org/1999/xhtml" xml:lang="en" lang="en">
 <head>
  <title>
</title>
<meta http-equiv="Content-Type" content="text/html;charset=utf-8" />
  <meta name='ocr-system' content='tesseract 3.04.00' />
  <meta name='ocr-capabilities' content='ocr_page ocr_carea ocr_par ocr_line ocrx_word'/>
</head>
<body>
  <div class='ocr_page' id='page_1' title='image "animadversiones00tartgoog_0067.png"; bbox 0 0 3046 5096; ppageno 0'>
   <div class='ocr_carea' id='block_1_1' title="bbox 464 405 1180 476">
    <p class='ocr_par' dir='ltr' id='par_1_1' title="bbox 464 405 1180 476">
     <span class='ocr_line' id='line_1_1' title="bbox 464 405 1180 476; baseline -0.004 -9"><span class='ocrx_word' id='word_1_1' title='bbox 464 412 500 467; x_wconf 79' lang='lat' dir='ltr'><strong>dd</strong></span> <span class='ocrx_word' id='word_1_2' title='bbox 691 425 727 466; x_wconf 79' lang='lat' dir='ltr'><strong>nn</strong></span> <span class='ocrx_word' id='word_1_3' title='bbox 745 423 883 466; x_wconf 74' lang='lat' dir='ltr'><strong>normano</strong></span> <span class='ocrx_word' id='word_1_4' title='bbox 898 424 958 464; x_wconf 76' lang='grc' dir='ltr'><strong>τιτι</strong></span> <span class='ocrx_word' id='word_1_5' title='bbox 977 423 1038 464; x_wconf 82' lang='lat' dir='ltr'><strong>nrvr</strong></span> <span class='ocrx_word' id='word_1_6' title='bbox 1057 408 1102 476; x_wconf 85' lang='lat'><strong>21,</strong></span> <span class='ocrx_word' id='word_1_7' title='bbox 1118 405 1180 464; x_wconf 70' lang='lat' dir='ltr'><strong>loo</strong></span> 
     </span>
    </p>
   </div>
   <div class='ocr_carea' id='block_1_2' title="bbox 431 531 1444 1370">
    <p class='ocr_par' dir='ltr' id='par_1_2' title="bbox 431 531 1444 1370">
     <span class='ocr_line' id='line_1_2' title="bbox 431 531 1441 620; baseline -0.009 -16"><span class='ocrx_word' id='word_1_8' title='bbox 431 537 466 604; x_wconf 90' lang='lat' dir='ltr'><strong>in</strong></span> <span class='ocrx_word' id='word_1_9' title='bbox 501 542 608 606; x_wconf 86' lang='lat' dir='ltr'><strong>morta</strong></span> <span class='ocrx_word' id='word_1_10' title='bbox 642 534 815 604; x_wconf 88' lang='lat' dir='ltr'><strong>narranda</strong></span> <span class='ocrx_word' id='word_1_11' title='bbox 849 535 962 620; x_wconf 84' lang='lat' dir='ltr'><strong>magni</strong></span> <span class='ocrx_word' id='word_1_12' title='bbox 995 533 1197 603; x_wconf 75' lang='lat' dir='ltr'><strong>Hamilcaris</strong></span> <span class='ocrx_word' id='word_1_13' title='bbox 1228 531 1342 600; x_wconf 81' lang='lat' dir='ltr'><strong>Livius</strong></span> <span class='ocrx_word' id='word_1_14' title='bbox 1377 531 1441 598; x_wconf 82' lang='lat' dir='ltr'><strong>fuit</strong></span> 
     </span>
     <span class='ocr_line' id='line_1_3' title="bbox 431 630 1443 730; baseline -0.007 -20"><span class='ocrx_word' id='word_1_15' title='bbox 431 663 529 729; x_wconf 86' lang='lat' dir='ltr'><strong>quam</strong></span> <span class='ocrx_word' id='word_1_16' title='bbox 553 643 724 730; x_wconf 83' lang='lat' dir='ltr'><strong>Polybius,</strong></span> <span class='ocrx_word' id='word_1_17' title='bbox 748 662 851 710; x_wconf 89' lang='lat' dir='ltr'><strong>causa</strong></span> <span class='ocrx_word' id='word_1_18' title='bbox 873 630 943 712; x_wconf 84' lang='lat' dir='ltr'><strong>ncn</strong></span> <span class='ocrx_word' id='word_1_19' title='bbox 967 647 1018 708; x_wconf 88' lang='lat' dir='ltr'><strong>est</strong></span> <span class='ocrx_word' id='word_1_20' title='bbox 1039 661 1101 707; x_wconf 89' lang='lat' dir='ltr'><strong>cur</strong></span> <span class='ocrx_word' id='word_1_21' title='bbox 1123 641 1299 725; x_wconf 82' lang='lat' dir='ltr'><strong>utriusque</strong></span> <span class='ocrx_word' id='word_1_22' title='bbox 1322 658 1443 708; x_wconf 86' lang='lat' dir='ltr'><strong>narra·</strong></span> 
     </span>
     <span class='ocr_line' id='line_1_4' title="bbox 431 741 1441 836; baseline -0.005 -21"><span class='ocrx_word' id='word_1_23' title='bbox 431 751 532 816; x_wconf 88' lang='lat' dir='ltr'><strong>tionis</strong></span> <span class='ocrx_word' id='word_1_24' title='bbox 554 741 803 818; x_wconf 86' lang='lat' dir='ltr'><strong>similitudinem</strong></span> <span class='ocrx_word' id='word_1_25' title='bbox 827 769 942 836; x_wconf 83' lang='lat' dir='ltr'><strong>neges.</strong></span> <span class='ocrx_word' id='word_1_26' title='bbox 968 749 1049 816; x_wconf 89' lang='lat' dir='ltr'><strong>Pari</strong></span> <span class='ocrx_word' id='word_1_27' title='bbox 1072 747 1182 824; x_wconf 86' lang='lat' dir='ltr'><strong>modo,</strong></span> <span class='ocrx_word' id='word_1_28' title='bbox 1199 746 1441 832; x_wconf 80' lang='lat' dir='ltr'><strong>Carthaginem</strong></span> 
     </span>
     <span class='ocr_line' id='line_1_5' title="bbox 431 852 1444 938; baseline -0.006 -14"><span class='ocrx_word' id='word_1_29' title='bbox 431 856 559 928; x_wconf 85' lang='lat' dir='ltr'><strong>Novam</strong></span> <span class='ocrx_word' id='word_1_30' title='bbox 582 857 624 924; x_wconf 88' lang='lat' dir='ltr'><strong>ab</strong></span> <span class='ocrx_word' id='word_1_31' title='bbox 647 856 857 924; x_wconf 83' lang='lat' dir='ltr'><strong>Hasdrubale</strong></span> <span class='ocrx_word' id='word_1_32' title='bbox 881 855 1051 924; x_wconf 86' lang='lat' dir='ltr'><strong>conditam</strong></span> <span class='ocrx_word' id='word_1_33' title='bbox 1074 853 1177 924; x_wconf 81' lang='lat' dir='ltr'><strong>luisse</strong></span> <span class='ocrx_word' id='word_1_34' title='bbox 1200 859 1320 922; x_wconf 85' lang='lat' dir='ltr'><strong>narrat</strong></span> <span class='ocrx_word' id='word_1_35' title='bbox 1341 852 1444 938; x_wconf 86' lang='lat' dir='ltr'><strong>Poly·</strong></span> 
     </span>
     <span class='ocr_line' id='line_1_6' title="bbox 432 959 1444 1046; baseline -0.008 -16"><span class='ocrx_word' id='word_1_36' title='bbox 432 963 515 1039; x_wconf 84' lang='lat' dir='ltr'><strong>bins.</strong></span> <span class='ocrx_word' id='word_1_37' title='bbox 544 963 666 1030; x_wconf 89' lang='lat' dir='ltr'><strong>omittit</strong></span> <span class='ocrx_word' id='word_1_38' title='bbox 690 964 823 1031; x_wconf 84' lang='lat' dir='ltr'><strong>Livius.</strong></span> <span class='ocrx_word' id='word_1_39' title='bbox 850 961 887 1032; x_wconf 91' lang='lat' dir='ltr'><strong>ln</strong></span> <span class='ocrx_word' id='word_1_40' title='bbox 910 962 978 1028; x_wconf 88' lang='lat' dir='ltr'><strong>alio</strong></span> <span class='ocrx_word' id='word_1_41' title='bbox 1002 982 1020 1028; x_wconf 91' lang='lat' dir='ltr'><strong>e</strong></span> <span class='ocrx_word' id='word_1_42' title='bbox 1044 962 1215 1040; x_wconf 86' lang='lat' dir='ltr'><strong>contrario</strong></span> <span class='ocrx_word' id='word_1_43' title='bbox 1231 959 1328 1046; x_wconf 91' lang='lat' dir='ltr'><strong>plura</strong></span> <span class='ocrx_word' id='word_1_44' title='bbox 1344 959 1444 1026; x_wconf 88' lang='lat' dir='ltr'><strong>babet</strong></span> 
     </span>
     <span class='ocr_line' id='line_1_7' title="bbox 432 1067 1443 1158; baseline -0.006 -20"><span class='ocrx_word' id='word_1_45' title='bbox 432 1071 545 1140; x_wconf 88' lang='lat' dir='ltr'><strong>Livius</strong></span> <span class='ocrx_word' id='word_1_46' title='bbox 569 1091 668 1158; x_wconf 87' lang='lat' dir='ltr'><strong>quam</strong></span> <span class='ocrx_word' id='word_1_47' title='bbox 692 1070 861 1156; x_wconf 85' lang='lat' dir='ltr'>Polybius,</span> <span class='ocrx_word' id='word_1_48' title='bbox 876 1071 1034 1140; x_wconf 82' lang='lat' dir='ltr'><strong>nimirum</strong></span> <span class='ocrx_word' id='word_1_49' title='bbox 1058 1071 1093 1136; x_wconf 92' lang='lat' dir='ltr'><strong>in</strong></span> <span class='ocrx_word' id='word_1_50' title='bbox 1117 1089 1156 1136; x_wconf 90' lang='lat' dir='ltr'><strong>eo</strong></span> <span class='ocrx_word' id='word_1_51' title='bbox 1180 1067 1268 1156; x_wconf 90' lang='lat' dir='ltr'><strong>quod</strong></span> <span class='ocrx_word' id='word_1_52' title='bbox 1286 1068 1333 1138; x_wconf 86' lang='lat' dir='ltr'><strong>ad</strong></span> <span class='ocrx_word' id='word_1_53' title='bbox 1357 1087 1443 1136; x_wconf 88' lang='lat' dir='ltr'><strong>mor·</strong></span> 
     </span>
     <span class='ocr_line' id='line_1_8' title="bbox 432 1173 1443 1264; baseline -0.004 -21"><span class='ocrx_word' id='word_1_54' title='bbox 432 1185 500 1244; x_wconf 91' lang='lat' dir='ltr'><strong>tem</strong></span> <span class='ocrx_word' id='word_1_55' title='bbox 515 1179 697 1246; x_wconf 86' lang='lat' dir='ltr'><strong>violentam</strong></span> <span class='ocrx_word' id='word_1_56' title='bbox 713 1176 932 1244; x_wconf 85' lang='lat' dir='ltr'><strong>Hasdrubalis</strong></span> <span class='ocrx_word' id='word_1_57' title='bbox 948 1179 1069 1264; x_wconf 78' lang='lat' dir='ltr'><strong>attinet</strong></span> <span class='ocrx_word' id='word_1_58' title='bbox 1086 1198 1093 1242; x_wconf 94' lang='lat'>:</span> <span class='ocrx_word' id='word_1_59' title='bbox 1112 1175 1157 1244; x_wconf 81' lang='lat' dir='ltr'><strong>of.</strong></span> <span class='ocrx_word' id='word_1_60' title='bbox 1173 1175 1303 1246; x_wconf 73' lang='lat' dir='ltr'><strong>livium</strong></span> <span class='ocrx_word' id='word_1_61' title='bbox 1319 1173 1443 1254; x_wconf 79' lang='lat' dir='ltr'><strong>2l,2,6.</strong></span> 
     </span>
     <span class='ocr_line' id='line_1_9' title="bbox 432 1283 1239 1370; baseline 0.002 -22"><span class='ocrx_word' id='word_1_62' title='bbox 432 1285 550 1370; x_wconf 86' lang='lat' dir='ltr'><strong>Polyb.</strong></span> <span class='ocrx_word' id='word_1_63' title='bbox 575 1284 697 1366; x_wconf 80' lang='lat'><strong>2,36,1.</strong></span> <span class='ocrx_word' id='word_1_64' title='bbox 724 1287 907 1370; x_wconf 83' lang='lat' dir='ltr'><strong>Utriusque</strong></span> <span class='ocrx_word' id='word_1_65' title='bbox 931 1285 1035 1352; x_wconf 90' lang='lat' dir='ltr'><strong>verba</strong></span> <span class='ocrx_word' id='word_1_66' title='bbox 1059 1283 1239 1352; x_wconf 87' lang='lat' dir='ltr'><strong>adscribo:</strong></span> 
     </span>
    </p>
   </div>
   <div class='ocr_carea' id='block_1_3' title="bbox 610 1535 1286 1587">
    <p class='ocr_par' dir='ltr' id='par_1_3' title="bbox 610 1535 1286 1587">
     <span class='ocr_line' id='line_1_10' title="bbox 610 1535 1286 1587; baseline -0.003 -1"><span class='ocrx_word' id='word_1_67' title='bbox 610 1537 734 1587; x_wconf 81' lang='lat' dir='ltr'><strong>L1v1Us.</strong></span> <span class='ocrx_word' id='word_1_68' title='bbox 1124 1535 1286 1586; x_wconf 71' lang='lat' dir='ltr'><strong>romolus</strong></span> 
     </span>
    </p>
   </div>
   <div class='ocr_carea' id='block_1_4' title="bbox 376 1653 1444 2710">
    <p class='ocr_par' dir='ltr' id='par_1_4' title="bbox 376 1653 1444 2095">
     <span class='ocr_line' id='line_1_11' title="bbox 376 1653 1441 1745; baseline -0.009 -19"><span class='ocrx_word' id='word_1_69' title='bbox 376 1721 379 1732; x_wconf 80' lang='grc'>,</span> <span class='ocrx_word' id='word_1_70' title='bbox 438 1657 637 1726; x_wconf 76' lang='lat' dir='ltr'><strong>«barbarus</strong></span> <span class='ocrx_word' id='word_1_71' title='bbox 672 1679 746 1724; x_wconf 90' lang='lat' dir='ltr'><strong>eum</strong></span> <span class='ocrx_word' id='word_1_72' title='bbox 782 1657 913 1745; x_wconf 89' lang='lat' dir='ltr'><strong>quidam</strong></span> <span class='ocrx_word' id='word_1_73' title='bbox 970 1653 1155 1729; x_wconf 71' lang='grc' dir='ltr'><strong>«ἱτελεὺτησε</strong></span> <span class='ocrx_word' id='word_1_74' title='bbox 1186 1657 1379 1740; x_wconf 76' lang='grc' dir='ltr'>δολοφονηθεὶς</span> <span class='ocrx_word' id='word_1_75' title='bbox 1417 1657 1441 1716; x_wconf 70' lang='grc' dir='ltr'><strong>ἐν</strong></span> 
     </span>
     <span class='ocr_line' id='line_1_12' title="bbox 437 1738 1444 1840; baseline -0.001 -43"><span class='ocrx_word' id='word_1_76' title='bbox 437 1776 454 1809; x_wconf 73' lang='grc'><strong>«</strong></span> <span class='ocrx_word' id='word_1_77' title='bbox 471 1749 631 1835; x_wconf 69' lang='lat' dir='ltr'><strong>palamob</strong></span> <span class='ocrx_word' id='word_1_78' title='bbox 647 1749 731 1814; x_wconf 69' lang='lat' dir='ltr'><strong>iram</strong></span> <span class='ocrx_word' id='word_1_79' title='bbox 743 1749 914 1813; x_wconf 65' lang='lat' dir='ltr'><strong>interfecti</strong></span> <span class='ocrx_word' id='word_1_80' title='bbox 969 1747 1059 1803; x_wconf 76' lang='grc' dir='ltr'><strong>«τοῖς</strong></span> <span class='ocrx_word' id='word_1_81' title='bbox 1073 1741 1174 1796; x_wconf 74' lang='grc' dir='ltr'>ἑαυτοῦ</span> <span class='ocrx_word' id='word_1_82' title='bbox 1192 1738 1368 1816; x_wconf 76' lang='grc' dir='ltr'><strong>καταλύμασι</strong></span> <span class='ocrx_word' id='word_1_83' title='bbox 1384 1761 1444 1840; x_wconf 48' lang='lat' dir='ltr'><strong>uox:</strong></span> 
     </span>
     <span class='ocr_line' id='line_1_13' title="bbox 437 1820 1441 1920; baseline -0.005 -16"><span class='ocrx_word' id='word_1_84' title='bbox 437 1864 453 1896; x_wconf 82' lang='grc'><strong>«</strong></span> <span class='ocrx_word' id='word_1_85' title='bbox 471 1841 514 1904; x_wconf 90' lang='lat' dir='ltr'><strong>ab</strong></span> <span class='ocrx_word' id='word_1_86' title='bbox 530 1859 569 1905; x_wconf 88' lang='lat' dir='ltr'><strong>eo</strong></span> <span class='ocrx_word' id='word_1_87' title='bbox 585 1837 911 1915; x_wconf 88' lang='lat' dir='ltr'><strong>dominiobtruncat;</strong></span> <span class='ocrx_word' id='word_1_88' title='bbox 969 1820 1047 1919; x_wconf 61' lang='lat' dir='ltr'><strong>«ab,</strong></span> <span class='ocrx_word' id='word_1_89' title='bbox 1079 1820 1132 1878; x_wconf 61' lang='grc' dir='ltr'><strong>ὑπό</strong></span> <span class='ocrx_word' id='word_1_90' title='bbox 1166 1840 1234 1886; x_wconf 63' lang='lat'><strong>“⁹⁰⁶</strong></span> <span class='ocrx_word' id='word_1_91' title='bbox 1264 1820 1381 1880; x_wconf 57' lang='lat' dir='ltr'><strong>Kaleon</strong></span> <span class='ocrx_word' id='word_1_92' title='bbox 1413 1841 1441 1920; x_wconf 59' lang='lat'><strong>3⁰</strong></span> 
     </span>
     <span class='ocr_line' id='line_1_14' title="bbox 438 1898 1443 2015; baseline -0.01 -56"><span class='ocrx_word' id='word_1_93' title='bbox 438 1947 755 2015; x_wconf 56' lang='lat' dir='ltr'><strong>«comprensusque</strong></span> <span class='ocrx_word' id='word_1_94' title='bbox 778 1928 820 1993; x_wconf 65' lang='lat' dir='ltr'><strong>ab</strong></span> <span class='ocrx_word' id='word_1_95' title='bbox 848 1929 916 1993; x_wconf 53' lang='lat' dir='ltr'><strong>oir-</strong></span> <span class='ocrx_word' id='word_1_96' title='bbox 969 1921 1078 1977; x_wconf 73' lang='grc' dir='ltr'><strong>«γενος</strong></span> <span class='ocrx_word' id='word_1_97' title='bbox 1098 1898 1176 1962; x_wconf 80' lang='grc' dir='ltr'>ἰδίων</span> <span class='ocrx_word' id='word_1_98' title='bbox 1203 1899 1283 1962; x_wconf 67' lang='grc' dir='ltr'><strong>ἔνεκα</strong></span> <span class='ocrx_word' id='word_1_99' title='bbox 1311 1901 1443 1986; x_wconf 53' lang='lat' dir='ltr'><strong>fibianae.</strong></span> 
     </span>
     <span class='ocr_line' id='line_1_15' title="bbox 437 2001 1102 2095; baseline -0.005 -11"><span class='ocrx_word' id='word_1_100' title='bbox 437 2047 452 2076; x_wconf 67' lang='grc' dir='ltr'>κ</span> <span class='ocrx_word' id='word_1_101' title='bbox 471 2016 711 2084; x_wconf 86' lang='lat' dir='ltr'><strong>onmstantibus</strong></span> <span class='ocrx_word' id='word_1_102' title='bbox 728 2016 818 2083; x_wconf 88' lang='lat' dir='ltr'><strong>haud</strong></span> <span class='ocrx_word' id='word_1_103' title='bbox 834 2016 912 2095; x_wconf 85' lang='lat' dir='ltr'><strong>alic,</strong></span> <span class='ocrx_word' id='word_1_104' title='bbox 969 2001 1067 2044; x_wconf 61' lang='lat'><strong>‘³¹⁰⁹&#39;</strong></span> <span class='ocrx_word' id='word_1_105' title='bbox 1085 2005 1102 2038; x_wconf 73' lang='lat'><em>’</em></span> 
     </span>
    </p>

    <p class='ocr_par' dir='ltr' id='par_1_5' title="bbox 438 2105 913 2194">
     <span class='ocr_line' id='line_1_16' title="bbox 438 2105 913 2194; baseline 0.008 -26"><span class='ocrx_word' id='word_1_106' title='bbox 438 2133 455 2168; x_wconf 83' lang='lat'>«</span> <span class='ocrx_word' id='word_1_107' title='bbox 471 2127 569 2194; x_wconf 87' lang='lat' dir='ltr'><strong>quam</strong></span> <span class='ocrx_word' id='word_1_108' title='bbox 586 2108 615 2171; x_wconf 90' lang='lat' dir='ltr'><strong>si</strong></span> <span class='ocrx_word' id='word_1_109' title='bbox 626 2106 798 2185; x_wconf 87' lang='lat' dir='ltr'><strong>evasisset,</strong></span> <span class='ocrx_word' id='word_1_110' title='bbox 807 2105 913 2184; x_wconf 86' lang='lat' dir='ltr'><strong>vultu,</strong></span> 
     </span>
    </p>

    <p class='ocr_par' dir='ltr' id='par_1_6' title="bbox 438 2198 914 2281">
     <span class='ocr_line' id='line_1_17' title="bbox 438 2198 914 2281; baseline 0.004 -24"><span class='ocrx_word' id='word_1_111' title='bbox 438 2198 646 2264; x_wconf 81' lang='lat' dir='ltr'><strong>«tormentis</strong></span> <span class='ocrx_word' id='word_1_112' title='bbox 677 2215 808 2281; x_wconf 88' lang='lat' dir='ltr'><strong>quoque</strong></span> <span class='ocrx_word' id='word_1_113' title='bbox 838 2214 914 2260; x_wconf 88' lang='lat' dir='ltr'><strong>oum</strong></span> 
     </span>
    </p>

    <p class='ocr_par' dir='ltr' id='par_1_7' title="bbox 438 2283 915 2372">
     <span class='ocr_line' id='line_1_18' title="bbox 438 2283 915 2372; baseline 0.002 -23"><span class='ocrx_word' id='word_1_114' title='bbox 438 2285 681 2372; x_wconf 57' lang='lat' dir='ltr'><strong>alaceraretur</strong></span> <span class='ocrx_word' id='word_1_115' title='bbox 706 2304 744 2350; x_wconf 88' lang='lat' dir='ltr'><strong>eo</strong></span> <span class='ocrx_word' id='word_1_116' title='bbox 767 2285 833 2350; x_wconf 88' lang='lat' dir='ltr'><strong>fuit</strong></span> <span class='ocrx_word' id='word_1_117' title='bbox 855 2283 915 2350; x_wconf 90' lang='lat' dir='ltr'><strong>ba·</strong></span> 
     </span>
    </p>

    <p class='ocr_par' dir='ltr' id='par_1_8' title="bbox 438 2375 914 2460">
     <span class='ocr_line' id='line_1_19' title="bbox 438 2375 914 2460; baseline 0.006 -25"><span class='ocrx_word' id='word_1_118' title='bbox 438 2375 541 2440; x_wconf 79' lang='lat' dir='ltr'><strong>«bitu</strong></span> <span class='ocrx_word' id='word_1_119' title='bbox 564 2375 643 2450; x_wconf 88' lang='lat' dir='ltr'><strong>oria,</strong></span> <span class='ocrx_word' id='word_1_120' title='bbox 668 2377 705 2438; x_wconf 89' lang='lat' dir='ltr'><strong>ut</strong></span> <span class='ocrx_word' id='word_1_121' title='bbox 733 2379 914 2460; x_wconf 88' lang='lat' dir='ltr'><strong>superante</strong></span> 
     </span>
    </p>

    <p class='ocr_par' dir='ltr' id='par_1_9' title="bbox 392 2462 914 2548">
     <span class='ocr_line' id='line_1_20' title="bbox 392 2462 914 2548; baseline 0.006 -24"><span class='ocrx_word' id='word_1_122' title='bbox 392 2535 393 2548; x_wconf 11' lang='grc' dir='ltr'>χ</span> <span class='ocrx_word' id='word_1_123' title='bbox 436 2463 598 2529; x_wconf 76' lang='lat' dir='ltr'><strong>«laetitia</strong></span> <span class='ocrx_word' id='word_1_124' title='bbox 622 2462 753 2529; x_wconf 90' lang='lat' dir='ltr'><strong>dolores</strong></span> <span class='ocrx_word' id='word_1_125' title='bbox 770 2463 914 2529; x_wconf 90' lang='lat' dir='ltr'><strong>ridentis</strong></span> 
     </span>
    </p>

    <p class='ocr_par' dir='ltr' id='par_1_10' title="bbox 438 2554 917 2641">
     <span class='ocr_line' id='line_1_21' title="bbox 438 2554 917 2641; baseline 0 -23"><span class='ocrx_word' id='word_1_126' title='bbox 438 2576 455 2618; x_wconf 79' lang='lat' dir='ltr'><strong>r</strong></span> <span class='ocrx_word' id='word_1_127' title='bbox 471 2554 584 2618; x_wconf 73' lang='lat' dir='ltr'><strong>etiam·</strong></span> <span class='ocrx_word' id='word_1_128' title='bbox 595 2554 740 2639; x_wconf 88' lang='lat' dir='ltr'><strong>speciem</strong></span> <span class='ocrx_word' id='word_1_129' title='bbox 754 2554 917 2641; x_wconf 83' lang='lat' dir='ltr'><strong>praebue-</strong></span> 
     </span>
    </p>

    <p class='ocr_par' dir='ltr' id='par_1_11' title="bbox 438 2645 569 2710">
     <span class='ocr_line' id='line_1_22' title="bbox 438 2645 569 2710; baseline 0.015 -7"><span class='ocrx_word' id='word_1_130' title='bbox 438 2669 455 2700; x_wconf 69' lang='lat' dir='ltr'><strong>c</strong></span> <span class='ocrx_word' id='word_1_131' title='bbox 471 2645 526 2710; x_wconf 74' lang='lat' dir='ltr'><strong>rit.</strong></span> <span class='ocrx_word' id='word_1_132' title='bbox 552 2670 569 2704; x_wconf 91' lang='lat'><strong>›&gt;</strong></span> 
     </span>
    </p>
   </div>
   <div class='ocr_carea' id='block_1_5' title="bbox 433 2890 1441 3841">
    <p class='ocr_par' dir='ltr' id='par_1_12' title="bbox 433 2890 1441 3841">
     <span class='ocr_line' id='line_1_23' title="bbox 433 2890 1438 2985; baseline -0.002 -25"><span class='ocrx_word' id='word_1_133' title='bbox 433 2981 434 2985; x_wconf 7' lang='grc' dir='ltr'><strong>Ἰ</strong></span> <span class='ocrx_word' id='word_1_134' title='bbox 478 2890 651 2960; x_wconf 82' lang='lat' dir='ltr'><strong>Fortitudo</strong></span> <span class='ocrx_word' id='word_1_135' title='bbox 675 2892 820 2960; x_wconf 91' lang='lat' dir='ltr'><strong>bominis</strong></span> <span class='ocrx_word' id='word_1_136' title='bbox 855 2892 947 2960; x_wconf 85' lang='lat' dir='ltr'><strong>illius</strong></span> <span class='ocrx_word' id='word_1_137' title='bbox 979 2890 1201 2962; x_wconf 85' lang='lat' dir='ltr'><strong>celeberrima</strong></span> <span class='ocrx_word' id='word_1_138' title='bbox 1224 2895 1332 2962; x_wconf 86' lang='lat' dir='ltr'><strong>evasit</strong></span> <span class='ocrx_word' id='word_1_139' title='bbox 1355 2892 1438 2980; x_wconf 88' lang='lat' dir='ltr'><strong>apud</strong></span> 
     </span>
     <span class='ocr_line' id='line_1_24' title="bbox 435 2999 1439 3088; baseline -0.006 -18"><span class='ocrx_word' id='word_1_140' title='bbox 435 3001 605 3070; x_wconf 84' lang='lat' dir='ltr'><strong>Romanos</strong></span> <span class='ocrx_word' id='word_1_141' title='bbox 639 2999 697 3088; x_wconf 83' lang='lat' dir='ltr'><strong>(of.</strong></span> <span class='ocrx_word' id='word_1_142' title='bbox 734 2999 854 3069; x_wconf 88' lang='lat' dir='ltr'><strong>Valer.</strong></span> <span class='ocrx_word' id='word_1_143' title='bbox 891 3002 984 3068; x_wconf 83' lang='lat' dir='ltr'><strong>Max.</strong></span> <span class='ocrx_word' id='word_1_144' title='bbox 1022 3001 1090 3080; x_wconf 85' lang='lat'><strong>3,3,</strong></span> <span class='ocrx_word' id='word_1_145' title='bbox 1117 3001 1196 3069; x_wconf 85' lang='lat' dir='ltr'><strong>Ext.</strong></span> <span class='ocrx_word' id='word_1_146' title='bbox 1221 3004 1242 3068; x_wconf 86' lang='lat'><strong>7</strong></span> <span class='ocrx_word' id='word_1_147' title='bbox 1268 3027 1285 3062; x_wconf 68' lang='lat' dir='ltr'><strong>a</strong></span> <span class='ocrx_word' id='word_1_148' title='bbox 1303 3021 1439 3086; x_wconf 89' lang='lat' dir='ltr'><strong>cumque</strong></span> 
     </span>
     <span class='ocr_line' id='line_1_25' title="bbox 439 3107 1438 3196; baseline 0 -24"><span class='ocrx_word' id='word_1_149' title='bbox 439 3136 457 3172; x_wconf 65' lang='lat' dir='ltr'><strong>a</strong></span> <span class='ocrx_word' id='word_1_150' title='bbox 479 3108 745 3196; x_wconf 54' lang='lat' dir='ltr'><strong>comprehensus*</strong></span> <span class='ocrx_word' id='word_1_151' title='bbox 766 3109 857 3174; x_wconf 90' lang='lat' dir='ltr'><strong>omni</strong></span> <span class='ocrx_word' id='word_1_152' title='bbox 891 3107 987 3174; x_wconf 91' lang='lat' dir='ltr'><strong>modo</strong></span> <span class='ocrx_word' id='word_1_153' title='bbox 1022 3109 1256 3188; x_wconf 79' lang='lat' dir='ltr'><strong>cruciaretur,</strong></span> <span class='ocrx_word' id='word_1_154' title='bbox 1281 3109 1438 3176; x_wconf 86' lang='lat' dir='ltr'><strong>laetitiam</strong></span> 
     </span>
     <span class='ocr_line' id='line_1_26' title="bbox 437 3215 1440 3302; baseline 0.005 -26"><span class='ocrx_word' id='word_1_155' title='bbox 437 3241 454 3276; x_wconf 85' lang='lat'>«</span> <span class='ocrx_word' id='word_1_156' title='bbox 480 3223 603 3292; x_wconf 88' lang='lat' dir='ltr'><strong>tamen,</strong></span> <span class='ocrx_word' id='word_1_157' title='bbox 628 3233 728 3300; x_wconf 90' lang='lat' dir='ltr'><strong>quam</strong></span> <span class='ocrx_word' id='word_1_158' title='bbox 751 3235 795 3282; x_wconf 79' lang='lat' dir='ltr'><strong>er</strong></span> <span class='ocrx_word' id='word_1_159' title='bbox 810 3215 958 3284; x_wconf 84' lang='lat' dir='ltr'><strong>vindicta</strong></span> <span class='ocrx_word' id='word_1_160' title='bbox 975 3222 1120 3302; x_wconf 85' lang='lat' dir='ltr'><strong>ceperat,</strong></span> <span class='ocrx_word' id='word_1_161' title='bbox 1139 3217 1174 3282; x_wconf 93' lang='lat' dir='ltr'><strong>in</strong></span> <span class='ocrx_word' id='word_1_162' title='bbox 1189 3231 1257 3284; x_wconf 69' lang='lat' dir='ltr'><strong>‘ore</strong></span> <span class='ocrx_word' id='word_1_163' title='bbox 1285 3223 1440 3284; x_wconf 89' lang='lat' dir='ltr'><strong>constan·</strong></span> 
     </span>
     <span class='ocr_line' id='line_1_27' title="bbox 435 3322 1440 3409; baseline -0.002 -22"><span class='ocrx_word' id='word_1_164' title='bbox 435 3323 564 3391; x_wconf 89' lang='lat' dir='ltr'><strong>tissime</strong></span> <span class='ocrx_word' id='word_1_165' title='bbox 585 3323 736 3389; x_wconf 85' lang='lat' dir='ltr'><strong>retinuit.</strong></span> <span class='ocrx_word' id='word_1_166' title='bbox 760 3346 778 3384; x_wconf 76' lang='lat' dir='ltr'><strong>a</strong></span> <span class='ocrx_word' id='word_1_167' title='bbox 804 3322 918 3390; x_wconf 87' lang='lat' dir='ltr'><strong>Verba</strong></span> <span class='ocrx_word' id='word_1_168' title='bbox 942 3323 1074 3392; x_wconf 83' lang='lat' dir='ltr'><strong>laetitio</strong></span> <span class='ocrx_word' id='word_1_169' title='bbox 1097 3330 1196 3409; x_wconf 86' lang='lat' dir='ltr'><strong>atque</strong></span> <span class='ocrx_word' id='word_1_170' title='bbox 1212 3343 1252 3390; x_wconf 86' lang='lat' dir='ltr'><strong>os</strong></span> <span class='ocrx_word' id='word_1_171' title='bbox 1267 3322 1440 3391; x_wconf 86' lang='lat' dir='ltr'><strong>ostendere</strong></span> 
     </span>
     <span class='ocr_line' id='line_1_28' title="bbox 436 3427 1441 3499; baseline 0.002 -6"><span class='ocrx_word' id='word_1_172' title='bbox 436 3427 519 3498; x_wconf 88' lang='lat' dir='ltr'><strong>mihi</strong></span> <span class='ocrx_word' id='word_1_173' title='bbox 553 3427 712 3496; x_wconf 84' lang='lat' dir='ltr'><strong>videntur</strong></span> <span class='ocrx_word' id='word_1_174' title='bbox 745 3430 865 3499; x_wconf 87' lang='lat' dir='ltr'><strong>Valer.</strong></span> <span class='ocrx_word' id='word_1_175' title='bbox 899 3429 990 3498; x_wconf 81' lang='lat' dir='ltr'><strong>Max.</strong></span> <span class='ocrx_word' id='word_1_176' title='bbox 1027 3450 1047 3496; x_wconf 89' lang='lat' dir='ltr'><strong>a</strong></span> <span class='ocrx_word' id='word_1_177' title='bbox 1079 3431 1176 3499; x_wconf 90' lang='lat' dir='ltr'><strong>Livio</strong></span> <span class='ocrx_word' id='word_1_178' title='bbox 1211 3436 1317 3498; x_wconf 90' lang='lat' dir='ltr'><strong>totum</strong></span> <span class='ocrx_word' id='word_1_179' title='bbox 1351 3450 1441 3498; x_wconf 89' lang='lat' dir='ltr'><strong>esse.</strong></span> 
     </span>
     <span class='ocr_line' id='line_1_29' title="bbox 435 3535 1441 3616; baseline 0.002 -14"><span class='ocrx_word' id='word_1_180' title='bbox 435 3535 486 3604; x_wconf 87' lang='lat' dir='ltr'><strong>Cf.</strong></span> <span class='ocrx_word' id='word_1_181' title='bbox 519 3535 687 3604; x_wconf 86' lang='lat' dir='ltr'><strong>lustinum</strong></span> <span class='ocrx_word' id='word_1_182' title='bbox 721 3537 802 3616; x_wconf 60' lang='lat'><strong>442</strong></span> <span class='ocrx_word' id='word_1_183' title='bbox 838 3537 968 3604; x_wconf 85' lang='lat' dir='ltr'><strong>«inter</strong></span> <span class='ocrx_word' id='word_1_184' title='bbox 994 3543 1161 3606; x_wconf 88' lang='lat' dir='ltr'><strong>tormenta</strong></span> <span class='ocrx_word' id='word_1_185' title='bbox 1184 3539 1256 3607; x_wconf 92' lang='lat' dir='ltr'><strong>risu</strong></span> <span class='ocrx_word' id='word_1_186' title='bbox 1279 3538 1441 3608; x_wconf 82' lang='lat' dir='ltr'><strong>exultavit</strong></span> 
     </span>
     <span class='ocr_line' id='line_1_30' title="bbox 437 3643 1435 3731; baseline 0.004 -23"><span class='ocrx_word' id='word_1_187' title='bbox 437 3669 455 3708; x_wconf 85' lang='lat'>‹</span> <span class='ocrx_word' id='word_1_188' title='bbox 478 3663 662 3729; x_wconf 84' lang='lat' dir='ltr'><strong>serenaque</strong></span> <span class='ocrx_word' id='word_1_189' title='bbox 673 3644 806 3711; x_wconf 86' lang='lat' dir='ltr'><strong>laetitia</strong></span> <span class='ocrx_word' id='word_1_190' title='bbox 820 3643 1052 3712; x_wconf 89' lang='lat' dir='ltr'><strong>crudelitatem</strong></span> <span class='ocrx_word' id='word_1_191' title='bbox 1068 3648 1296 3731; x_wconf 88' lang='lat' dir='ltr'><strong>torquentium</strong></span> <span class='ocrx_word' id='word_1_192' title='bbox 1309 3647 1402 3714; x_wconf 76' lang='lat' dir='ltr'><strong>vicit.</strong></span> <span class='ocrx_word' id='word_1_193' title='bbox 1419 3669 1435 3706; x_wconf 75' lang='lat' dir='ltr'><strong>a</strong></span> 
     </span>
     <span class='ocr_line' id='line_1_31' title="bbox 433 3749 1440 3841; baseline 0.005 -27"><span class='ocrx_word' id='word_1_194' title='bbox 433 3749 584 3818; x_wconf 85' lang='lat' dir='ltr'><strong>lustinus</strong></span> <span class='ocrx_word' id='word_1_195' title='bbox 605 3771 734 3838; x_wconf 86' lang='lat' dir='ltr'><strong>quoqne</strong></span> <span class='ocrx_word' id='word_1_196' title='bbox 757 3751 812 3817; x_wconf 89' lang='lat' dir='ltr'><strong>vel</strong></span> <span class='ocrx_word' id='word_1_197' title='bbox 836 3771 855 3818; x_wconf 90' lang='lat' dir='ltr'><strong>a</strong></span> <span class='ocrx_word' id='word_1_198' title='bbox 879 3751 970 3818; x_wconf 90' lang='lat' dir='ltr'><strong>Livio</strong></span> <span class='ocrx_word' id='word_1_199' title='bbox 993 3752 1108 3820; x_wconf 83' lang='lat' dir='ltr'><strong>veleb</strong></span> <span class='ocrx_word' id='word_1_200' title='bbox 1124 3761 1262 3821; x_wconf 89' lang='lat' dir='ltr'><strong>auctore</strong></span> <span class='ocrx_word' id='word_1_201' title='bbox 1279 3761 1329 3820; x_wconf 90' lang='lat' dir='ltr'><strong>est</strong></span> <span class='ocrx_word' id='word_1_202' title='bbox 1345 3773 1440 3841; x_wconf 89' lang='lat' dir='ltr'><strong>quem</strong></span> 
     </span>
    </p>
   </div>
   <div class='ocr_carea' id='block_1_6' title="bbox 337 3857 1440 3947">
    <p class='ocr_par' dir='ltr' id='par_1_13' title="bbox 337 3857 1440 3947">
     <span class='ocr_line' id='line_1_32' title="bbox 337 3857 1440 3947; baseline -0.001 -21"><span class='ocrx_word' id='word_1_203' title='bbox 337 3927 338 3930; x_wconf 69' lang='grc'>,</span> <span class='ocrx_word' id='word_1_204' title='bbox 435 3857 549 3926; x_wconf 83' lang='lat' dir='ltr'><strong>Livius</strong></span> <span class='ocrx_word' id='word_1_205' title='bbox 574 3863 625 3924; x_wconf 90' lang='lat' dir='ltr'><strong>est</strong></span> <span class='ocrx_word' id='word_1_206' title='bbox 648 3857 805 3947; x_wconf 85' lang='lat' dir='ltr'><strong>secutus).</strong></span> <span class='ocrx_word' id='word_1_207' title='bbox 842 3858 896 3926; x_wconf 82' lang='lat' dir='ltr'><strong>Ex</strong></span> <span class='ocrx_word' id='word_1_208' title='bbox 923 3878 988 3943; x_wconf 89' lang='lat' dir='ltr'><strong>quo</strong></span> <span class='ocrx_word' id='word_1_209' title='bbox 1011 3858 1138 3926; x_wconf 83' lang='lat' dir='ltr'><strong>iactum</strong></span> <span class='ocrx_word' id='word_1_210' title='bbox 1161 3867 1212 3928; x_wconf 86' lang='lat' dir='ltr'><strong>est</strong></span> <span class='ocrx_word' id='word_1_211' title='bbox 1235 3868 1272 3930; x_wconf 90' lang='lat' dir='ltr'><strong>ut</strong></span> <span class='ocrx_word' id='word_1_212' title='bbox 1295 3881 1370 3929; x_wconf 90' lang='lat' dir='ltr'><strong>oum</strong></span> <span class='ocrx_word' id='word_1_213' title='bbox 1393 3862 1440 3927; x_wconf 91' lang='lat' dir='ltr'><strong>rei</strong></span> 
     </span>
    </p>
   </div>
   <div class='ocr_carea' id='block_1_7' title="bbox 436 3967 1441 4164">
    <p class='ocr_par' dir='ltr' id='par_1_14' title="bbox 436 3967 1441 4164">
     <span class='ocr_line' id='line_1_33' title="bbox 436 3967 1441 4053; baseline 0.001 -21"><span class='ocrx_word' id='word_1_214' title='bbox 436 3967 554 4034; x_wconf 88' lang='lat' dir='ltr'><strong>notitia</strong></span> <span class='ocrx_word' id='word_1_215' title='bbox 570 3967 767 4053; x_wconf 85' lang='lat' dir='ltr'><strong>pervulgata</strong></span> <span class='ocrx_word' id='word_1_216' title='bbox 784 3972 879 4046; x_wconf 90' lang='lat' dir='ltr'><strong>esset,</strong></span> <span class='ocrx_word' id='word_1_217' title='bbox 897 3987 970 4034; x_wconf 87' lang='lat' dir='ltr'><strong>eam</strong></span> <span class='ocrx_word' id='word_1_218' title='bbox 986 3967 1091 4035; x_wconf 85' lang='lat' dir='ltr'><strong>nollet</strong></span> <span class='ocrx_word' id='word_1_219' title='bbox 1106 3970 1269 4048; x_wconf 84' lang='lat' dir='ltr'><strong>emittere,</strong></span> <span class='ocrx_word' id='word_1_220' title='bbox 1289 3971 1352 4037; x_wconf 87' lang='lat' dir='ltr'><strong>etsi</strong></span> <span class='ocrx_word' id='word_1_221' title='bbox 1364 3969 1441 4034; x_wconf 90' lang='lat' dir='ltr'><strong>omi-</strong></span> 
     </span>
     <span class='ocr_line' id='line_1_34' title="bbox 437 4071 1439 4164; baseline 0.001 -24"><span class='ocrx_word' id='word_1_222' title='bbox 437 4074 534 4140; x_wconf 82' lang='lat' dir='ltr'><strong>sisset</strong></span> <span class='ocrx_word' id='word_1_223' title='bbox 557 4071 726 4157; x_wconf 80' lang='lat' dir='ltr'><strong>Polybius,</strong></span> <span class='ocrx_word' id='word_1_224' title='bbox 745 4073 787 4162; x_wconf 79' lang='lat' dir='ltr'><strong>(is</strong></span> <span class='ocrx_word' id='word_1_225' title='bbox 812 4077 900 4142; x_wconf 91' lang='lat' dir='ltr'><strong>enim</strong></span> <span class='ocrx_word' id='word_1_226' title='bbox 919 4095 973 4143; x_wconf 90' lang='lat' dir='ltr'><strong>ras</strong></span> <span class='ocrx_word' id='word_1_227' title='bbox 988 4074 1177 4144; x_wconf 89' lang='lat' dir='ltr'><strong>huiusmodi</strong></span> <span class='ocrx_word' id='word_1_228' title='bbox 1191 4097 1277 4161; x_wconf 87' lang='lat' dir='ltr'><strong>quae</strong></span> <span class='ocrx_word' id='word_1_229' title='bbox 1294 4080 1329 4145; x_wconf 92' lang='lat' dir='ltr'><strong>in</strong></span> <span class='ocrx_word' id='word_1_230' title='bbox 1346 4077 1439 4164; x_wconf 82' lang='lat' dir='ltr'><strong>gravi</strong></span> 
     </span>
    </p>
   </div>
   <div class='ocr_carea' id='block_1_8' title="bbox 0 0 1528 5096">
    <p class='ocr_par' dir='ltr' id='par_1_15' title="bbox 0 0 1528 5096">
     <span class='ocr_line' id='line_1_35' title="bbox 0 0 1528 5096; baseline 0 0"><span class='ocrx_word' id='word_1_231' title='bbox 0 0 1528 5096; x_wconf 95' lang='lat' dir='ltr'><strong> </strong></span> 
     </span>
    </p>
   </div>
  </div>
 </body>
</html>
