3046 5096
459 469 494 523 80
557 439 560 444 ¹
691 481 727 522 nn
746 481 882 524 rourrnus
899 482 958 524 amr
975 481 1034 524 arui
1052 468 1094 533 21,
1108 465 1166 533 lfao

426 593 567 660 storioos
583 593 666 660 citat
693 599 857 672 auctores,
874 595 1010 661 minime
1026 599 1074 661 est
1093 575 1240 662 dubium.
1261 595 1425 664 Accedunt

424 701 494 766 alia
505 717 573 766 non
589 700 728 767 minoris
740 701 910 768 momenti:
927 700 1160 768 Coeliusenim
1173 721 1240 768 non
1253 703 1350 770 modo
1361 704 1424 771 hcl·

424 806 494 874 lum
505 809 669 874 Punicum
683 808 863 874 secundum
879 809 1110 897 descripserat,
1136 809 1193 876 sed
1202 831 1302 898 quum
1316 811 1425 880 facun-

425 916 475 994 de,
492 920 562 984 tum
578 918 677 982 etiam
689 916 868 1002 diligenter
883 917 1087 988 absolverat:
1105 918 1295 1004 diligenter,
1311 924 1424 1008 quippe

423 1024 480 1110 qui
518 1023 684 1102 Silenum,
723 1023 924 1090 familiarem
964 1025 1190 1104 Hannibalis,
1224 1027 1424 1115 eundemque

425 1130 620 1218 scriptorem
645 1131 716 1198 eius
741 1151 853 1198 rerum
877 1137 1057 1219 gestarum,
1075 1133 1154 1199 licet
1170 1139 1349 1201 externum
1372 1137 1425 1202 ho·

423 1239 544 1304 minem
560 1257 627 1305 non
644 1240 809 1325 respuerit
825 1236 935 1327 (Cicer
950 1240 994 1306 de
1016 1240 1158 1308 divinat
1183 1240 1318 1321 1,24,49
1336 1265 1353 1300 «
1366 1243 1424 1309 hoo

427 1347 546 1412 «item
569 1348 606 1411 in
629 1343 745 1425 Sileni,
781 1365 886 1434 quem
922 1345 1066 1419 Caelius
1099 1348 1283 1434 sequitur,
1309 1369 1424 1435 graeca

426 1451 608 1521 «historia
632 1452 715 1541 esti:
741 1479 759 1514 »
784 1451 951 1532 facunde;
979 1460 1015 1519 ut
1040 1454 1305 1539 conceptissimis
1329 1455 1426 1522 tradit

365 1577 370 1584 ·
424 1559 540 1629 Cicero
575 1561 689 1628 verbis
725 1562 996 1648 quotiescumque
1031 1563 1067 1626 in
1101 1581 1177 1626 eum
1216 1560 1335 1628 incidit
1369 1563 1426 1647 (de

423 1669 492 1754 lep.
512 1667 597 1757 l,2‚d
617 1667 743 1755 «paulo
759 1666 887 1736 inflavit
898 1668 1130 1734 vehementius
1142 1668 1327 1754 habuitque
1339 1672 1424 1735 vires

427 1782 662 1862 ‹agrestas›
698 1775 742 1842 de
769 1782 860 1844 orat.
896 1775 1030 1856 2,12,54
1068 1774 1236 1843 «addidit
1269 1776 1426 1843 historiae

425 1907 443 1946 e
466 1885 628 1962 maiorem
651 1904 771 1950 sonum
794 1885 899 1950 vocis.
927 1909 944 1946 »
969 1885 1074 1951 Brut.
1100 1883 1222 1961 actua
1246 1905 1264 1943 e
1290 1885 1325 1950 L.
1349 1884 1426 1950 Cae·

425 2017 442 2053 e
465 1992 532 2059 lius
557 1993 736 2078 Antipater
753 1991 896 2078 scriptor
910 2039 1069 2060 .......
1093 1990 1158 2056 fuit
1175 1996 1211 2056 ul
1226 1993 1424 2077 temporibus

425 2125 443 2162 u
466 2099 532 2166 illis
561 2101 796 2168 luculentus»
829 2101 930 2183 etc.);
963 2103 999 2164 ut
1026 2103 1140 2165 cetera
1171 2104 1323 2165 veterum
1354 2120 1424 2186 cum

423 2209 594 2276 Ciceronis
623 2207 868 2275 consentientia
891 2207 1081 2273 testimonia
1104 2212 1327 2293 praeteream.
1345 2205 1425 2281 Quid

422 2316 545 2380 mirum
569 2316 597 2380 si
624 2315 736 2380 Livius
758 2320 826 2378 tam
851 2313 975 2380 bonum
1000 2319 1182 2391 auctorem,
1207 2314 1337 2401 sibique
1361 2322 1423 2380 tam

423 2423 654 2490 necessarium
678 2427 812 2495 secutus
837 2420 911 2487 esti
946 2421 1140 2500 Postremo,
1174 2419 1261 2505 quod
1295 2421 1425 2488 maximi

423 2537 473 2598 est
495 2531 665 2609 momenti,
690 2527 845 2616 quodque
869 2529 1040 2594 contraria
1064 2533 1096 2594 et
1118 2528 1424 2614 repugnantiailla

423 2639 463 2704 de
486 2637 626 2723 Polybio
649 2637 799 2703 adhibito
823 2637 923 2702 simul
947 2642 981 2701 et
1003 2655 1071 2700 non
1102 2634 1250 2701 adhibito
1280 2655 1300 2702 a
1334 2636 1424 2702 nohis

339 2781 345 2792 ·
423 2751 547 2812 statuta
583 2745 705 2831 optime
741 2744 917 2830 explanat,
954 2742 1089 2809 tandem
1122 2744 1335 2830 perspicuum
1366 2743 1426 2809 erit

317 2937 321 2946 ι
422 2852 500 2939 quid
523 2853 566 2918 sii
590 2872 651 2918 cur
674 2871 729 2917 res
753 2849 891 2916 eaedem.
923 2871 943 2916 a
977 2850 1119 2936 Polybio
1154 2855 1254 2934 atque
1286 2870 1305 2916 a
1335 2851 1424 2917 Livio

421 2959 535 3027 eodem
568 2959 684 3026 ordine
718 2966 906 3024 narrentur
940 2963 973 3023 et
1007 2964 1118 3024 tamen
1150 2958 1267 3024 Livius
1297 2979 1353 3024 eas
1387 2977 1425 3022 es

421 3069 579 3155 Polybios
591 3068 753 3153 umpsisse
767 3085 833 3132 non
844 3066 1000 3132 videatur
1012 3065 1177 3132 dicendus:
1192 3067 1303 3152 itaque
1316 3067 1425 3134 existi-

422 3195 475 3242 mo
498 3195 565 3241 non
589 3173 685 3239 modo
709 3174 838 3240 Livium
866 3193 910 3239 ex
938 3172 1051 3239 Coelio
1079 3193 1139 3238 sua
1167 3153 1338 3239 derivasse
1372 3171 1426 3238 sed

421 3281 532 3361 etiam,
557 3281 643 3367 quod
667 3281 792 3346 nemini
816 3280 927 3346 adhuc
949 3284 1107 3366 quantum
1132 3281 1200 3346 scio
1225 3282 1259 3346 in
1283 3289 1424 3347 mentem

421 3392 524 3467 venit,
549 3389 698 3455 Caelium
721 3408 764 3453 ex
786 3387 953 3474 Polybio.
987 3388 1102 3474 Neque
1130 3389 1237 3456 obstat
1272 3389 1425 3476 temporis

421 3500 520 3564 ratio.
547 3496 685 3582 Scripsit
708 3496 797 3560 enim
819 3515 900 3580 opus
925 3515 1021 3563 suum
1037 3495 1170 3563 Coelius
1198 3502 1425 3583 postmortem

385 3607 391 3621 '
422 3607 459 3673 C.
484 3603 648 3684 Gracchi,
675 3623 775 3688 quum
797 3601 904 3681 idem,
929 3608 1013 3668 teste
1037 3603 1179 3671 Valerio
1196 3603 1363 3683 Maximo,
1388 3601 1425 3667 de

423 3715 460 3782 C.
484 3710 636 3778 Graccho
659 3718 830 3796 tamquam
853 3716 984 3776 mortuo
1009 3710 1052 3776 sit
1072 3710 1204 3776 locutus
1223 3707 1317 3797 (Val.
1335 3711 1422 3776 Max.

424 3820 541 3899 1,7,6:
568 3843 586 3880 «
610 3817 743 3884 Caelius
767 3818 885 3896 etiam,
916 3824 1027 3884 certus
1063 3819 1235 3885 Romanae
1270 3819 1427 3884 historiae

424 3931 594 4006 «auctor,
620 3945 808 3992 sermonem
842 3925 884 3992 de
915 3945 954 3992 ea
986 3946 1024 3994 re
1054 3925 1097 3992 ad
1120 3943 1199 3992 suas
1234 3945 1333 3994 aures
1367 3925 1425 3991 illo

425 4033 585 4100 «scotor
618 4035 700 4100 otoo
722 4033 917 4118 pervenisse
948 4036 1119 4101 scribit.»
1153 4033 1268 4110 Sermo
1305 4039 1355 4100 est
1388 4032 1425 4098 de

422 4140 551 4208 somn-io
567 4138 709 4227 quodam
725 4140 761 4208 C.
777 4135 933 4221 Gracchi,
952 4140 993 4208 de
1015 4160 1080 4228 quo
1097 4139 1214 4208 Cicero
1241 4139 1286 4208 cle
1312 4138 1422 4208 clivio.
