3164 5104
371 905 446 1028 nu
478 941 783 1026 cnruiuun
812 933 966 1041 6,12·14

529 1609 709 1692 'CAPUT
740 1626 796 1692 11.

244 2125 269 2189 1.
294 2125 348 2189 En
383 2144 503 2211 parum
540 2124 679 2210 pudicos
713 2124 1029 2210 hendecasyllabos,
1061 2125 1161 2211 pudic

146 2239 268 2299 tamen
290 2235 408 2317 poetae
432 2237 464 2297 et
486 2232 532 2318 pii
556 2230 614 2319 (cf.
641 2231 763 2297 Catuli.
787 2230 853 2319 16).

195 2429 337 2499 «Flavi,
369 2427 491 2488 delicias
523 2435 590 2488 tuas
622 2427 742 2488 Catullo
772 2459 812 2474 -
842 2427 901 2487 Nei
933 2427 993 2488 sint
1020 2428 1172 2507 inlepidae

149 2534 247 2604 atquc
267 2527 457 2603 inelegantes
477 2557 517 2570 ·-
537 2526 640 2585 Velles
662 2525 764 2586 dicere
795 2544 850 2586 nec
877 2532 976 2585 tacere
997 2544 1110 2603 posses.
1133 2559 1170 2572 —

149 2628 275 2687 Verum
296 2623 468 2700 nescioquid
489 2622 664 2683 febriculosi
685 2656 722 2668 -
746 2623 844 2683 Scorti
866 2623 976 2700 diligis:
1002 2625 1058 2696 hcc
1078 2627 1173 2702 pudet

149 2723 256 2783 fateri.
278 2753 316 2766 -
335 2721 416 2781 Nam
436 2727 466 2780 te
481 2739 541 2779 non
563 2719 669 2780 viduas
689 2720 790 2779 iacere
810 2725 965 2779 noctes-
979 2720 1172 2798 Nequiquam

150 2823 282 2882 tacitum
303 2819 404 2879 cubile
418 2819 532 2878 clamat
545 2850 584 2862 -
599 2817 695 2878 Sertis
718 2835 752 2876 ac
774 2815 862 2893 Syrio
875 2815 1016 2894 fragrans
1030 2818 1123 2890 olivo,
1141 2852 1179 2864 -

156 2918 372 2992 Pulvinusque
392 2933 546 2993 peraeque
566 2915 667 2974 ethic
687 2922 719 2974 et
739 2913 792 2974 ille
823 2945 863 2958 -
893 2915 1036 2990 Abritus,
1065 2922 1180 2977 tremu-

157 3017 246 3092 lique
267 3032 374 3092 quassa
395 3013 467 3073 lecti
489 3045 528 3057 -
547 3013 708 3090 Argutatio
740 3013 993 3088 inambulatioque
1025 3045 1063 3057 —
1093 3013 1183 3074 Nam

158 3116 198 3173 in
219 3111 283 3172 icta
298 3113 461 3189 praevalet
482 3111 563 3171 nibil
584 3117 695 3170 tacere.
716 3142 757 3156 -
780 3109 844 3169 Cur
865 3129 928 3170 non
948 3118 1015 3170 tam
1036 3115 1139 3170 latera
1153 3120 1183 3170 et

150 3215 274 3289 sutura
302 3208 414 3286 panda
446 3239 485 3253 -
517 3210 581 3269 Nec
611 3216 646 3266 tu
678 3206 757 3284 quid
789 3210 892 3281 facias
915 3210 1118 3286 ineptiarum.
1141 3241 1181 3256 -

156 3312 266 3384 Quare
287 3307 432 3384 quidquid
463 3307 557 3367 habes
588 3306 657 3366 boni
688 3304 820 3380 malique
842 3309 955 3368 -Dic
986 3309 1081 3368 nobis.
1102 3308 1184 3368 Volo

152 3414 187 3468 te
211 3425 249 3466 ae
270 3412 337 3466 tuos
358 3422 526 3464 amores-
538 3406 586 3464 Ad
607 3403 725 3463 caelum
739 3403 840 3480 lepido
854 3387 1121 3482 vocare'bersu.»

204 3595 261 3660 Ex
284 3593 411 3660 duobus
435 3593 566 3678 optimis
589 3592 769 3659 'codicibus
801 3594 950 3659 Datanus
985 3596 1122 3660 exhibet
1146 3594 1182 3658 in

155 3721 267 3768 versu
291 3699 484 3768 duodecime
507 3701 546 3767 in
569 3701 652 3780 iaie,
687 3701 864 3766 Laurentii
896 3701 1046 3767 Sanienii
1080 3701 1182 3785 paule

153 3811 264 3876 aliter
285 3810 325 3874 ni
348 3810 431 3876 ista.
456 3809 496 3874 In
520 3827 623 3874 versu
647 3806 774 3873 decimo
798 3808 898 3873 tertio
915 3814 992 3872 sunt
1007 3808 1107 3873 etiam
1125 3827 1180 3872 co·

153 3918 255 3983 dices
279 3917 335 4002 qui
358 3915 507 3982 habeant
530 3915 701 4000 ecfututa
717 3915 893 4000 pandent.

204 4022 334 4090 Suntne
368 4024 421 4088 isti
455 4027 525 4088 tres
559 4042 680 4114 uersus
704 4019 883 4108 corruptil
919 4023 1020 4088 imme
1048 4037 1185 4105 corrup·

1115 4163 1134 4216 2
