3046 5096
425 420 460 478 84
746 438 783 475 an
803 437 902 476 trvrun
922 421 1044 486 23,17‚7
1118 438 1121 443 ·

391 546 522 634 quidem
546 547 632 612 tanti
657 553 707 612 est
730 547 886 612 momenti
909 547 1026 633 quanti
1054 548 1162 632 prima
1196 546 1309 613 fronte
1334 546 1402 614 for·

309 675 312 686 ’
391 662 481 721 tasse
506 653 767 720 existimaveris,
792 653 1008 742 Summopere
1033 661 1146 721 autem
1164 657 1254 721 inter
1271 661 1400 723 ceteras

390 762 590 848 placuerunt
624 758 784 828 Gronovii
820 762 1087 841 emendationes,
1120 765 1177 849 qui
1212 759 1401 855 Gronovius

390 869 535 954 primum
556 869 760 935 coniecerat:
779 887 820 936 oe
832 869 913 954 quis
929 874 1001 935 toto
1019 869 1237 955 propinquis
1253 867 1403 938 hostium

391 975 519 1043 castris
537 973 682 1063 Copuoe
699 995 838 1062 quoque
853 981 1014 1044 oreretur
1030 981 1155 1054 motos,
1174 981 1288 1060 postea
1321 998 1403 1042 vero

391 1082 560 1172 praetulit:
587 1103 632 1150 oc
654 1084 743 1168 quid
766 1089 836 1149 tom
856 1084 1070 1170 propinquis
1094 1085 1248 1150 hostium
1276 1085 1403 1150 cestris·

286 1257 291 1262 .
395 1193 539 1278 Gopuoe
563 1209 700 1278 quoque
723 1199 933 1257 otooeretur.
951 1191 1105 1256 Priorem
1128 1190 1221 1254 iilam
1239 1190 1403 1257 Gronovii

391 1301 616 1366 coniecturam
652 1304 785 1365 secutus
810 1304 861 1364 est
885 1318 928 1363 en
957 1297 1204 1363 recentioribus
1229 1299 1406 1365 Weissen-

390 1407 529 1472 bornius
557 1408 593 1472 in
629 1407 771 1473 editione
806 1406 928 1490 operis¹
958 1404 1095 1484 liviani3
1123 1405 1187 1470 nisi
1218 1406 1307 1490 quod
1342 1428 1404 1492 pro

392 1535 430 1580 eo
454 1515 541 1601 quod
565 1521 615 1581 est
638 1520 763 1591 motus,
790 1512 905 1577 maluit
930 1520 1060 1578 terror:
1085 1512 1228 1578 alteram
1253 1513 1404 1578 eiusdem

392 1621 555 1687 Gronovii
579 1623 808 1687 coniecturam
832 1640 932 1704 quum
949 1618 1129 1684 Bekkerus
1147 1620 1321 1705 amplexus
1339 1629 1403 1699 est,

391 1734 461 1794 tunt
486 1728 585 1793 etiam
609 1728 798 1814 Madvigius
824 1725 906 1815 (ib.)
932 1725 1066 1793 retinet.

479 1838 522 1904 ΙΙ.
548 1838 670 1903 Omnes
694 1818 811 1922 procui
836 1856 855 1900 a
879 1836 1021 1901 veritate
1045 1834 1224 1930 aberrasse
1248 1835 1329 1900 mihi
1359 1840 1407 1902 vi-

391 1945 512 2010 dentur
536 1945 593 2029 qui
612 1923 846 2010 'restituendis
882 1942 969 2007 Livii
1004 1943 1116 2007 verbis
1153 1962 1251 2008 curas
1291 1943 1405 2011 adhuc

391 2051 636 2138 impenderunt.
662 2051 777 2136 Neque
801 2056 913 2115 tamen
939 2051 1085 2114 omnium
1109 2057 1298 2116 commenta
1322 2052 1404 2116 sin-

390 2159 734 2244 gillatimaestimere
758 2164 792 2223 et
814 2159 967 2223 refutare
992 2159 1108 2222 autin
1132 2159 1244 2224 animo
1270 2165 1329 2225 aut
1347 2181 1407 2226 ne-

391 2287 484 2332 cesse
521 2273 591 2333 est:
618 2266 696 2351 quid
732 2266 829 2344 enim,
855 2267 882 2330 si
918 2266 1062 2330 maxime
1099 2266 1132 2330 id
1168 2270 1407 2354 persequendo

390 2380 624 2440 recreaturum
643 2393 694 2438 me
712 2393 784 2438 esse
801 2373 959 2438 lectorem
976 2374 1169 2438 arbitrarer
1189 2371 1289 2460 (quod
1302 2377 1407 2462 longe

209 2491 213 2504 ·
318 2513 320 2518 ,
391 2483 492 2548 anter
516 2479 593 2568 eo),
620 2455 759 2546 nauata
784 2481 937 2548 uolitans
969 2480 1053 2546 naec
1077 2480 1299 2566 disceptatio?
1324 2486 1408 2550 nte-

390 2590 456 2657 nim
493 2591 540 2654 sic
571 2587 710 2654 iudicet·
730 2595 785 2653 aut
801 2607 882 2652 ‘mea
907 2589 1006 2673 ipsius
1030 2595 1218 2652 commenta
1243 2591 1409 2658 emenda-

391 2700 565 2781 tionesque
602 2695 768 2760 rationem
808 2695 933 2760 habent
971 2702 1027 2759 aut
1066 2715 1134 2760 non
1173 2697 1326 2762 habent:
1373 2702 1402 2764 si

391 2805 600 2883 habentne,
627 2823 694 2869 non
717 2804 831 2868 verbis
866 2802 1022 2867 inanibus
1052 2805 1199 2890 quaestio
1231 2823 1305 2870 meo
1337 2805 1406 2871 iam

392 2912 558 2978 arbitratu
583 2912 649 2976 erit
683 2909 883 2992 diiudicata,
914 2917 1095 2996 sponteque
1131 2931 1190 2978 sua
1226 2911 1410 2980 concident

393 3020 534 3086 aliorum
559 3019 756 3099 sententiae;
785 3019 837 3082 sin
861 3019 982 3095 minus,
999 3017 1139 3084 trustra
1156 3039 1263 3108 aeque
1280 3039 1319 3084 ac
1337 3026 1410 3088 tur·
1453 3061 1455 3064 -

392 3128 480 3213 pior
503 3125 752 3192 contendissem
774 3125 888 3190 verbis
913 3123 999 3210 quod
1023 3124 1178 3212 deinceps
1194 3146 1230 3191 re
1245 3129 1425 3214 nequive-

392 3235 456 3300 rim
473 3231 661 3323 pracstare.
674 3233 758 3299 Satis
774 3237 816 3297 sit
829 3234 932 3320 igitur
945 3232 984 3297 de
1002 3233 1123 3298 alienis
1141 3254 1192 3298 me
1206 3239 1409 3302 commentis

392 3345 426 3408 in
455 3343 647 3408 universum
674 3341 901 3407 tantummodo
926 3342 975 3406 sic
1002 3341 1136 3419 dIcere,
1167 3361 1206 3408 ea
1237 3363 1309 3408 rem
1334 3366 1409 3412 non

392 3449 567 3517 admodum
590 3448 773 3528 illustrare,
796 3455 900 3533 utque
923 3448 1014 3514 aliud
1036 3450 1171 3534 propius
1197 3449 1263 3516 alio
1280 3453 1323 3518 ad
1347 3473 1410 3522 co-

391 3558 502 3626 dicum
527 3560 726 3647 scripturam
751 3555 900 3634 accedat,
926 3557 1057 3621 nullum
1073 3564 1185 3622 tamen
1202 3577 1274 3624 eam
1290 3559 1408 3628 lucem

392 3670 463 3736 loco
487 3669 614 3733 liviano
631 3665 821 3743 admovere,
838 3670 872 3730 ut
896 3665 1032 3730 omnino
1057 3666 1091 3728 in
1117 3685 1155 3730 eo
1178 3672 1349 3750 tamquam
1370 3671 1408 3736 in

390 3795 474 3844 vera
497 3777 708 3862 genuinaque
730 3775 875 3840 lectione
900 3771 1177 3859 acquiescendum
1202 3794 1278 3840 esse
1303 3776 1410 3842 intel-

391 3885 548 3970 ligamus.
569 3883 672 3951 Cuius
696 3883 746 3948 rei
760 3883 859 3950 etiam
883 3900 983 3947 causa
1000 3882 1034 3945 in
1051 3887 1201 3966 promptu
1220 3889 1287 3948 est:
1308 3903 1410 3950 nam-

391 4012 456 4080 que
491 3991 526 4056 in
560 3989 771 4058 emendando
790 3989 950 4056 historiae
985 3989 1156 4053 Romanae
1191 3989 1409 4074 amplissimo

392 4106 530 4172 auctore
552 4119 633 4188 opus
657 4105 808 4167 estante
833 4098 942 4166 omnia
966 4096 1063 4185 plena
1088 4097 1247 4164 historiae
1277 4099 1411 4166 Roma·
