3164 5104
536 508 570 564 36
849 519 886 564 nn
905 518 1058 560 oirunuuu
1077 502 1122 568 68,
1134 501 1169 558 60

497 632 580 721 puli
603 650 672 698 uon
697 629 764 696 siut
796 626 906 697 latina
922 705 925 711 ¹
941 650 1010 696 non
1033 629 1208 716 perspicio,
1237 628 1304 694 nisi
1328 629 1402 714 quis
1426 630 1511 696 forte

502 739 619 809 credat
642 741 773 806 densus
789 739 949 826 populeis
973 757 1174 824 agermaua
1206 738 1374 804 latinitate
1397 737 1513 804 abhor-

502 869 593 916 rere.
619 847 683 914 Sed
707 867 808 932 quum
846 848 977 913 deneas
1007 847 1168 932 popalus
1203 846 1271 910 siut
1294 843 1400 910 latina
1423 865 1512 911 mera

502 957 671 1045 (exempla
692 955 761 1038 riri
785 953 874 1019 docti
897 973 965 1018 non
990 954 1165 1040 requirent
1188 973 1208 1018 a
1233 972 1295 1030 me,
1321 954 1356 1017 in
1373 972 1410 1017 re
1425 953 1512 1019 vide·

503 1065 583 1130 licet
608 1069 675 1128 tarn
700 1060 855 1149 liquida:
875 1061 1024 1128 densum
1059 1061 1187 1146 culpas
1214 1060 1311 1126 Hor.
1340 1059 1457 1127 Corra.
1480 1061 1510 1137 2,

503 1173 559 1251 13,
575 1170 629 1237 32.
657 1169 766 1237 Decri
795 1169 906 1236 Troes
921 1169 1084 1255 Apyllirrr'
1099 1177 1132 1236 et
1148 1169 1306 1234 Arcades
1323 1168 1419 1255 Vz'rp.
1432 1169 1510 1235 Aera

504 1280 556 1358 12,
581 1279 648 1346 297
671 1297 741 1362 seq.
768 1275 812 1344 of.
840 1277 891 1356 12,
905 1278 981 1355 563,
1007 1277 1082 1356 574,
1108 1297 1194 1361 quae
1219 1276 1374 1362 exempla
1397 1297 1512 1343 memo·

503 1389 590 1454 riter
614 1386 818 1461 scribebam,
845 1392 883 1451 ut
906 1385 987 1449 mihi
1012 1385 1122 1450 statim
1147 1385 1390 1462 occurrebant,
1415 1385 1512 1449 innu-

505 1487 681 1560 merabilia
704 1493 905 1558 inventurus
928 1494 955 1557 si
980 1498 1134 1559 auctores
1152 1492 1228 1557 data
1245 1511 1347 1577 opera
1365 1493 1512 1578 pervolu-

505 1599 643 1687 tassem)
667 1619 768 1666 causa
792 1619 858 1665 non
880 1606 930 1665 est
947 1619 1008 1666 cur
1024 1600 1066 1665 ab
1083 1601 1282 1666 auctoritate
1299 1600 1450 1666 codicum
1466 1620 1512 1664 re·

506 1709 674 1775 cedamus.
700 1709 882 1774 Praeterea
906 1708 1020 1774 nescio
1045 1726 1089 1773 au
1108 1707 1250 1773 fallatur
1266 1707 1439 1793 Hauptius‚
1456 1709 1513 1793 epi·

506 1816 610 1892 theto,
638 1814 726 1901 quod
747 1834 822 1880 cum
834 1816 962 1900 populi
978 1821 1028 1880 est
1045 1816 1269 1893 coniunctum,
1287 1815 1451 1882 detracto:
1475 1817 1512 1880 si-

506 1921 638 2009 quidem
662 1923 757 1988 locus
782 1922 837 1987 hic
862 1922 987 1991 Catulli
1011 1923 1162 1990 omnibus
1185 1943 1322 2008 poeseos
1338 1923 1511 1990 luminibus

507 2037 693 2097 exornatur
709 2049 818 2114 neque
835 2031 1045 2097 substantiva
1063 2033 1131 2097 suis
1145 2031 1319 2118 adiectivis
1332 2031 1510 2118 privantur,

506 2139 576 2204 ita:
602 2156 697 2202 mons
714 2138 849 2213 uereor,
868 2138 963 2202 rivus
983 2139 1171 2221 perlucens
1195 2136 1331 2204 volutus
1349 2155 1512 2224 praeceps

507 2249 550 2312 de
560 2263 683 2332 prone
698 2244 797 2326 velle,
816 2246 880 2310 iter
903 2245 1072 2322 medicem,
1098 2246 1199 2313 dulce
1222 2245 1387 2322 levamen,
1410 2247 1512 2310 viator

508 2357 634 2430 lassus,
657 2353 780 2440 procis
804 2360 925 2430 aestus,
951 2355 1025 2440 agri
1043 2355 1174 2431 errasti,
1193 2354 1294 2440 niper
1310 2353 1419 2428 turbo,
1438 2369 1511 2417 aura

506 2461 671 2541 secunda,
698 2481 785 2549 quae
810 2481 908 2526 nemo
945 2460 1033 2547 quod
1066 2463 1169 2527 sciam
1194 2460 1439 2540 animadvertit,
1463 2457 1511 2523 sed
1545 2509 1546 2551 p

507 2571 621 2655 magni
645 2575 724 2635 suut
747 2570 910 2634 momenti
934 2570 976 2636 ad
994 2569 1206 2635 iudicandam
1223 2571 1421 2646 orationem,
1438 2586 1511 2653 quae
1544 2593 1545 2646 p

508 2679 619 2743 nitore
644 2676 888 2762 splendoreque
916 2679 1047 2763 poetico
1063 2678 1135 2742 vult
1151 2677 1330 2744 manifesto
1349 2683 1509 2767 quantum·
1543 2681 1544 2740 t

507 2803 649 2870 cumque
673 2783 747 2850 fieri
764 2790 871 2870 potest
894 2785 1074 2851 illustrari.
1542 2775 1543 2834 l

552 2893 593 2957 11.
608 2893 716 2959 Unum
725 2911 817 2958 nunc
830 2891 955 2958 addere
969 2893 1079 2975 velim,
1090 2894 1117 2958 si
1127 2892 1326 2960 fortefinem
1337 2891 1511 2978 quaestioni

508 3001 676 3065 maximae
689 3001 861 3087 imponere
872 3020 1017 3089 possem.
1037 3002 1197 3079 Quaestio
1210 3001 1270 3066 illa
1287 3001 1444 3066 nimirum
1457 3001 1509 3065 iam

509 3108 565 3172 diu
588 3108 723 3173 criticos
748 3114 890 3194 torquet,
916 3116 1029 3173 utrum
1053 3110 1146 3195 prior
1163 3127 1207 3174 ex
1224 3107 1351 3174 duabus
1371 3109 1511 3194 pulcher·

509 3216 604 3281 rimis
629 3216 934 3300 comparationibus
970 3236 1112 3301 quarum
1137 3236 1156 3281 a
1180 3238 1214 3284 v,
1243 3216 1319 3281 inde
1346 3217 1390 3283 57
1415 3217 1508 3282 altera

509 3324 651 3388 alteram
676 3323 814 3408 excipit,
840 3323 882 3388 ad
901 3322 1022 3389 'fletum
1047 3324 1184 3403 Catulli,
1212 3325 1269 3408 qui
1301 3325 1337 3388 in
1367 3324 1506 3390 versibus

514 3430 569 3518 qui
586 3429 793 3517 praecedunt
809 3429 1019 3509 describitur,
1038 3432 1214 3517 pertineat,
1231 3431 1335 3520 aulad
1360 3433 1508 3496 auxilium

510 3539 598 3627 quod
621 3535 728 3604 Allius
752 3538 884 3605 Catullo
910 3546 989 3605 tunc
1008 3546 1057 3610 est
1074 3540 1230 3624 largitus.
1248 3539 1312 3605 Sed
1329 3561 1394 3624 quo
1412 3539 1510 3604 melius

513 3648 600 3733 quod
624 3645 697 3713 dieo
721 3647 946 3732 intelligatur,
971 3667 1090 3712 versus
1106 3647 1215 3713 51-66
1240 3648 1426 3734 adscripsi:

553 3812 676 3885 «Nam,
712 3811 787 3870 mihi
815 3829 904 3887 quam
932 3809 1050 3871 dederit
1080 3811 1193 3890 duplex
1215 3811 1393 3871 Amathusia
1414 3827 1509 3874 curato,

511 3941 551 3956 -
572 3911 673 3981 Scitis,
695 3917 727 3970 et
746 3909 777 3969 in
799 3926 919 3992 quomo
945 3912 1096 3970 corruerit
1117 3927 1241 3987 genere,
1265 3941 1303 3954 -
1319 3911 1397 3969 Cum
1411 3915 1510 3969 tnutruu

512 4011 655 4069 arderem
677 4015 820 4085 quantum
833 4008 988 4070 Trinacria
1009 4027 1099 4088 rupes
1112 4042 1150 4054 -
1165 4008 1397 4087 Lympbaquein
1409 4005 1510 4068 Oeateis

513 4099 608 4167 Malia
644 4108 855 4185 Thermopilis‚
877 4140 914 4153 -
938 4108 1053 4169 Maesta
1079 4127 1176 4184 neque
1212 4107 1338 4168 adsiduo
1372 4112 1510 4168 tabescere

514 4206 628 4265 lumina
642 4206 715 4266 fietu
736 4238 776 4251 -
798 4205 960 4267 cessarent
980 4208 1121 4285 tristique
1142 4208 1240 4267 imbre
1262 4207 1386 4266 madere
1418 4218 1510 4284 perine,

514 4303 681 4383 -Qualis
703 4307 734 4369 in
755 4305 827 4364 aerii
850 4304 1008 4387 perlucens
1030 4307 1145 4368 uertice
1167 4307 1275 4368 montis
1291 4338 1331 4351 -
1345 4306 1439 4370 Rivos
1462 4319 1510 4362 uu·
