3046 5096
402 370 438 426 la
725 387 761 428 sn
780 389 930 430 cssunnuu
948 369 1020 439 95st

365 506 444 577 stas,
471 496 605 586 (contra
629 499 780 585 Usipetes
799 501 984 568 Germanos
1003 505 1035 565 et
1056 497 1272 574 Tenchteros
1293 506 1395 566 tran-

363 624 494 692 gressus
518 601 640 668 flumen
662 607 818 674 Rhenum
834 627 902 673 non
918 606 1020 692 longe
1037 626 1057 671 a
1075 604 1160 669 mari
1178 625 1243 689 quo
1261 603 1395 672 flumen

343 711 499 798 influit),
525 713 802 798 supplicationem
839 716 1054 790 decernente,
1094 711 1229 778 Catonis
1253 722 1396 780 senten·

361 823 443 886 tiam
468 819 594 886 fuisse:
622 823 779 908 quoniam
805 823 1009 890 Caesarius
1036 821 1186 886 divinum
1212 827 1244 886 et
1267 821 1395 888 buma-

362 949 443 994 num
467 929 638 1008 violasset,
663 931 815 997 hostibus
833 933 1021 1016 Imperator
1046 931 1214 1016 piaculum
1228 930 1391 998 dedatur.

362 1038 416 1102 Ex
440 1057 503 1122 quo
527 1039 610 1102 mihi
626 1037 761 1104 videtur
777 1038 863 1105 effici
880 1040 1070 1115 Tanusium,
1088 1040 1144 1124 qui
1161 1039 1245 1104 haec
1260 1039 1394 1104 litteris

362 1144 620 1210 mandare-non
645 1146 861 1226 dubitaverit,
896 1149 1069 1212 inimicum
1105 1146 1208 1211 fuisse
1237 1148 1393 1226 Caesari,

362 1253 499 1318 Catullo
524 1259 649 1330 autem,
676 1255 703 1318 si
721 1253 817 1319 modo
835 1256 906 1320 eius
925 1255 1075 1339 aequalis
1094 1253 1168 1331 suit,
1187 1257 1389 1321 necessario

366 1360 520 1437 amicum,
547 1380 656 1446 neque
673 1381 692 1425 a
710 1363 901 1430 Veronensi
915 1370 1012 1448 poeta
1030 1382 1068 1427 eo
1086 1362 1181 1427 modo
1197 1361 1389 1428 dilacerari

371 1470 527 1554 potuisse.
1100 1470 1103 1476 '

410 1574 462 1640 Ad
476 1595 639 1640 summam
652 1578 721 1642 aio:
742 1599 843 1662 quum
861 1577 1025 1655 Catullus,
1042 1579 1077 1642 in
1090 1579 1238 1643 carmine
1252 1577 1295 1644 29
1309 1599 1397 1644 con-

366 1691 419 1749 tra
444 1683 649 1748 Mamurram
675 1686 809 1770 scripto,
837 1705 905 1749 non
925 1683 1130 1750 dubitaverit
1147 1685 1265 1750 invehi
1289 1707 1393 1772 aper·
1423 1749 1426 1753 .

366 1791 490 1856 tissime
509 1791 542 1854 in
555 1791 804 1876 potentissimos
820 1794 911 1856 viros
929 1792 1117 1871 Caesarem,
1128 1793 1334 1876 Pompeium,
1357 1801 1396 1858 et

368 1898 585 1976 Mamurram,
600 1919 667 1963 non
686 1899 794 1963 simile
810 1898 946 1964 videtur
962 1901 1037 1964 veri
1051 1899 1190 1963 eundem
1204 1899 1395 1980 Catullum,
1455 1899 1457 1904 ’

347 2027 351 2035 “
368 2011 403 2070 ut
416 2013 570 2092 carperet
583 2014 754 2072 auctorem
785 2007 969 2084 annalium,
985 2007 1155 2072 hominem
1169 2014 1259 2072 certe
1274 2028 1391 2092 neque

368 2119 534 2198 potentem
559 2132 667 2198 neque
692 2119 882 2191 nocentem,
909 2112 951 2178 ad
974 2113 1087 2178 fictum
1112 2115 1307 2199 confugisse
1328 2134 1397 2178 no·

369 2241 453 2286 rnen.
477 2221 641 2288 Volusius
658 2223 769 2305 itaque
783 2222 1018 2306 appellabatur
1032 2224 1105 2286 sine
1119 2222 1219 2287 dubio
1236 2227 1395 2288 cuculae

367 2334 484 2392 auctor
508 2329 660 2394 obortae.
700 2327 728 2392 Α
752 2349 833 2393 vero
858 2335 968 2394 autem
994 2349 1061 2392 non
1087 2328 1263 2393 admodum
1288 2328 1395 2393 abar-

367 2437 490 2500 rabunt
506 2437 533 2499 si
557 2438 613 2519 qui
638 2436 892 2500 arbitrabuntur
910 2438 944 2499 in
960 2436 1034 2502 loco
1052 2436 1199 2502 Senecae
1217 2436 1320 2502 allato
1335 2438 1397 2500 in-

367 2542 477 2629 telligi
501 2544 679 2608 Volusium
703 2543 841 2607 Catulli:
878 2564 963 2628 quae
1000 2546 1203 2620 coniectura,
1229 2546 1257 2610 si
1284 2546 1397 2608 ratio-

367 2669 444 2714 nem
481 2650 595 2725 habet,
629 2650 792 2715 Volusius
831 2652 1012 2716 Tanusius
1036 2651 1091 2716 vel
1121 2651 1288 2716 Volusius
1318 2651 1392 2716 Tn-

367 2759 496 2823 nusius
530 2759 717 2824 vocabatur
749 2759 831 2824 ille:
869 2759 953 2824 baec
989 2777 1070 2824 vero
1095 2765 1146 2824 est
1177 2761 1389 2846 coniectura.

355 2866 413 2930 *nt
438 2886 514 2930 cum
544 2866 699 2932 Tanusia
733 2865 890 2944 Gemino,
918 2868 1014 2932 cuius
1038 2867 1206 2933 bistonios
1231 2867 1394 2952 legerunt

370 2973 559 3040 Suetonius
583 2981 617 3039 et
648 2967 863 3041 Ptuturcbus
897 2972 970 3061 (eae
1002 2975 1195 3039 necessario
1219 2994 1274 3038 res
1300 2994 1395 3038 cnm-

369 3081 604 3168 plectebantur
630 3083 803 3145 minimum
835 3082 877 3146 ab
902 3096 993 3146 anno
1019 3083 1057 3148 U.
1076 3101 1106 3147 c.
1134 3079 1392 3159 DCLXXXIX,

369 3208 435 3271 qua
459 3189 644 3253 coniuratio
669 3196 721 3254 est
737 3189 838 3267 facta,
856 3189 961 3266 cuius,
981 3194 1065 3253 teste
1082 3188 1259 3263 Suetonio,
1278 3190 1397 3254 memi-

370 3297 422 3361 nit
449 3297 635 3375 Tanusius,
670 3318 775 3382 usqne
806 3297 848 3364 ad
880 3297 1168 3372 DCLXXXXIX,
1195 3318 1260 3382 quo
1288 3297 1396 3378 Catu,

371 3410 455 3470 teste
478 3404 631 3471 Tanusia
648 3405 734 3491 apud
754 3407 860 3485 Plut,
881 3414 1029 3471 atrocem
1048 3405 1139 3468 illam
1158 3407 1191 3470 in
1210 3409 1394 3470 Caesarem

370 3513 568 3576 sententiam
592 3511 689 3600 diruit)
713 3513 799 3577 nihil
825 3513 984 3579 Volusius
1004 3512 1148 3580 Catulli:
1176 3513 1395 3597 nequeenim

371 3625 503 3684 constat
519 3618 694 3684 Volusium
711 3621 863 3685 historiis
882 3618 1070 3685 scribendis
1094 3639 1228 3705 operam
1246 3619 1394 3700 dedisse,

372 3745 479 3810 neque
509 3725 704 3794 Tutiusiunn
721 3727 909 3794 Geminum
925 3725 1099 3814 aequalem
1123 3727 1248 3794 Catulli
1267 3726 1393 3794 tuisse.
