3046 5096
448 337 483 391 90
768 352 804 393 un
823 355 923 395 arvium
942 339 1071 406 23,17‚7

410 463 590 539 Romanos,
617 465 813 531 convenisse
837 439 991 532 arbitror*
1007 470 1045 529 ut
1068 464 1211 529 dictator
1241 446 1418 543 Romanus,

410 569 532 636 Casino
566 569 703 664 relicto,
743 572 927 640 Casilinum
966 580 1081 660 petere
1114 581 1343 660 properaret,
1381 559 1447 640 ita'

411 677 557 743 arbitror
591 677 820 746 Hannibalem
861 669 1074 748 constituisse
1106 680 1293 746 Casilinum
1324 702 1425 768 oppu-

411 805 518 871 gnare
543 791 643 870 atque
676 807 797 874 capere
821 794 1001 874 antequam
1026 788 1168 854 dictator
1194 809 1231 854 ee
1254 796 1424 875 essetpro-

412 911 559 977 gressus,
593 893 720 958 scilicet
754 915 806 973 ne,
840 897 867 960 si
899 895 1041 961 dictator
1075 895 1224 963 Casilino
1250 898 1417 981 potiretur,

411 1001 523 1086 Capua
547 999 701 1086 deinceps
726 1003 816 1067 inter
841 1002 922 1070 duos
947 1005 1117 1073 exercitus
1145 1005 1316 1070 Romanos
1333 1011 1423 1082 esset,

410 1115 508 1191 atque
525 1105 566 1172 ad
583 1106 805 1186 defectionem
824 1110 1011 1176 sollicitata
1028 1130 1049 1176 c
1065 1109 1203 1176 duobus
1219 1111 1425 1176 caeretanus

413 1213 574 1279 Romanis
600 1221 832 1300 temptaretur.
1099 1291 1102 1300 ¹

459 1323 587 1398 Quibus
610 1322 737 1408 positis,
763 1324 864 1388 venio
888 1324 929 1390 ad
955 1325 1064 1390 locum
1088 1326 1187 1404 ¹Livii,
1206 1327 1240 1390 in
1257 1346 1320 1410 quo
1336 1326 1419 1402 loco,

417 1431 444 1493 si
479 1428 574 1494 modo
609 1449 695 1514 quaa
730 1429 940 1516 disputabam
972 1453 1041 1497 non
1083 1432 1259 1498 admodum
1288 1433 1425 1499 absurda

417 1542 503 1614 sunt,
528 1537 749 1623 pluraquam
774 1538 882 1604 adhuc
911 1541 1023 1605 critici
1061 1540 1278 1605 crediderunt
1302 1547 1333 1606 et
1357 1562 1427 1626 sup·

416 1643 536 1729 plenda
553 1650 631 1708 sunt
649 1651 681 1709 et
699 1644 921 1712 emendanda.
936 1647 984 1712 Ne
1002 1646 1115 1732 plures
1132 1655 1242 1713 autem
1255 1650 1344 1714 circa
1360 1669 1425 1713 rem

416 1752 558 1817 ambitus
575 1752 708 1832 faciam,
723 1752 780 1818 sed
798 1755 910 1817 omnia
931 1774 1033 1839 quam
1050 1755 1247 1819 brevissime
1263 1775 1424 1841 peragam,

417 1879 459 1922 en
472 1856 745 1954 quemadmodum
762 1881 824 1946 ego
838 1860 947 1926 locum
967 1861 1188 1946 supplendum
1212 1871 1243 1927 et
1260 1865 1425 1947 corrigen-

417 1967 494 2031 dum
507 1975 603 2052 puto:
627 1993 644 2028 e
655 1951 827 2033 Hannibal
847 1964 984 2034 Acerris
1001 1969 1139 2053 direptis
1153 1976 1259 2055 atque
1272 1971 1424 2048 incensis,

419 2103 434 2135 a
454 2096 554 2159 quum
578 2095 598 2139 a
622 2074 743 2140 Casino
772 2075 971 2141 dictatorem
995 2076 1185 2140 Romanum
1217 2078 1424 2163 legionesque

419 2185 531 2248 ‹eius
556 2183 750 2248 Casilinum
773 2184 885 2248 acciri
913 2185 1115 2248 acinaticium
1143 2191 1244 2260 esset,
1276 2205 1321 2250 ue
1342 2185 1423 2249 binis

318 2368 320 2371 v
422 2296 522 2354 «tam
545 2291 741 2379 propinquis
757 2290 904 2356 hostium
922 2292 1041 2356 castris
1058 2290 1189 2376 Capuae
1207 2312 1338 2376 quoque
1356 2311 1423 2356 ero·

423 2405 559 2488 «retur
583 2399 763 2475 torculum,
791 2401 975 2464 exercitum
1001 2397 1048 2488 ad*
1067 2399 1261 2466 Casilinum
1286 2399 1384 2464 ducit.
1408 2425 1422 2455 »

507 2507 549 2573 V.
575 2507 689 2571 Pauca
713 2524 804 2570 nunc
829 2504 948 2569 addam
971 2506 1145 2583 nonnulla,
1171 2527 1263 2590 quae
1288 2506 1331 2571 ad
1360 2526 1426 2570 rer-

419 2611 537 2680 borum
560 2615 628 2678 vim
653 2620 749 2698 atque
774 2612 816 2677 ad
841 2612 1031 2677 litterarum
1058 2613 1271 2698 singularum
1296 2615 1425 2697 scriptu-

420 2742 492 2786 ram
506 2721 677 2807 pertinent
693 2715 940 2804 lectionemque
958 2719 1160 2784 confirmare
1176 2720 1337 2785 videntur
1349 2721 1425 2784 hanc

420 2847 536 2906 meam,
566 2847 717 2913 quaeque
753 2829 785 2892 in
823 2830 969 2912 quinque
1005 2834 1117 2913 partes
1153 2835 1326 2894 secantur.
1364 2827 1427 2890 Pri·

421 2955 527 3000 mum:
553 2937 589 2999 in
606 2935 775 3002 codicibus
794 2941 968 3020 postquam
984 2955 1058 2998 cum
1076 2935 1207 3000 incuria
1219 2941 1289 2999 tum
1302 2934 1424 2999 inscitia

421 3025 663 3129 descriptorum
701 3041 851 3128 syllabae
875 3044 1055 3107 verborum
1080 3063 1166 3128 quae
1193 3048 1270 3107 sunt
1295 3045 1424 3107 eiusco-

421 3152 566 3216 sitr‘oum
589 3171 705 3216 omnes
730 3151 934 3217 excidissent
956 3157 1091 3236 praeter
1114 3157 1321 3236 postremam
1341 3167 1424 3222 nuria,

422 3277 465 3324 ex
499 3260 562 3323 hac
597 3266 784 3342 potuerunt
818 3259 952 3324 librarii
986 3259 1101 3346 facere
1132 3257 1353 3342 m'mtsquod
1383 3260 1427 3319 est

423 3357 554 3453 quidem
589 3367 623 3431 in
662 3366 841 3433 codicibus
884 3366 941 3431 sed
981 3387 1055 3432 cum
1091 3364 1228 3451 reliquis
1263 3385 1330 3430 non
1363 3381 1428 3428 con·

424 3475 536 3540 sentit.
557 3473 746 3539 -Deinde
773 3475 878 3540 verbo
907 3475 1023 3540 acciri
1049 3494 1130 3539 usus
1166 3477 1216 3537 est
1249 3471 1426 3558 saepissime

424 3581 558 3648 Livius:
584 3603 727 3669 namque
745 3602 806 3667 ego
822 3583 953 3648 curiose
970 3582 1033 3647 hac
1051 3580 1090 3646 de
1107 3602 1144 3646 re
1162 3581 1345 3664 inquirens,
1363 3594 1427 3663 per·

423 3690 519 3756 lectis
543 3690 640 3756 libris
664 3691 774 3775 primo
800 3695 835 3755 et
863 3690 979 3768 altero,
1016 3696 1084 3754 tum
1120 3708 1206 3753 nono
1236 3692 1269 3752 et
1302 3685 1425 3758 decimo,

425 3799 558 3884 repperi
581 3797 721 3864 verbum
754 3803 949 3884 usurpatum
974 3797 1003 3874 l,
1018 3798 1071 3874 18,
1088 3796 1119 3862 6.
1144 3793 1173 3874 l,
1187 3795 1286 3873 35,9.
1312 3793 1344 3871 2,
1358 3789 1425 3868 6,2.

424 3895 548 3982 acal.
572 3905 690 3984 aas„
719 3902 843 3983 atla.
868 3904 989 3983 asor.
1007 3903 1129 3982 eaaa
1146 3887 1270 3980 alra.
1291 3895 1426 3977 rorat
1500 3965 1501 3974 ,

424 4009 594 4092 10,20,15.
614 4010 782 4091 10,25,12.
803 4011 952 4094 1Ο,38,7.
973 4009 1119 4091 10,42,3.
1135 4045 1177 4059 -
1194 4009 1319 4074 Tertio:
1340 4022 1426 4094 quae·
