3164 5104
429 432 482 487 -28
816 447 853 486 sn
872 445 1025 488 carnutum

405 559 488 624 sime
512 554 680 635 definiam,
706 555 980 642 confirmemque,
1006 576 1106 642 quum
1130 557 1305 623 Mamurra
1319 556 1437 645 (vers.

407 663 429 729 3
453 663 538 751 seq.)
563 663 670 730 dictus
693 665 737 730 sit
759 653 888 730 habere
912 662 999 750 quod
1015 670 1116 730 antea
1134 665 1252 731 Gallio
1278 664 1440 733 Cometa

413 777 448 838 et
481 772 676 839 Britannia
710 769 865 850 habebat,
890 769 965 837 fleri
988 790 1058 838 non
1094 772 1200 859 potuit
1233 778 1272 838 ut
1305 770 1439 839 deinde

411 876 515 963 (vers
542 878 584 944 17
609 875 716 965 seqq.)
751 879 787 944 in
811 879 1064 945 enumeratione
1097 877 1312 966 praedarum,
1344 899 1437 965 quas

408 982 562 1051 Catullus
587 985 745 1072 appellat,
768 985 980 1052 omitteretur
1001 983 1126 1072 praeda
1144 986 1280 1052 Cottion
1297 990 1330 1051 et
1345 987 1438 1052 Bri·

321 1175 324 1179 ,
411 1081 564 1158 taucica.
591 1091 836 1177 Contemplaris
859 1092 948 1156 enim
971 1091 1067 1178 quasi
1090 1092 1125 1157 in
1157 1092 1272 1158 tabula
1305 1092 1361 1157 vel
1388 1094 1436 1157 in

406 1194 515 1263 linteo
530 1197 737 1263 Mamurram
761 1197 874 1264 omnia
897 1196 1129 1275 devorantem;
1154 1197 1233 1283 quid
1256 1204 1326 1263 tum
1342 1199 1371 1263 si
1387 1199 1435 1263 in

407 1303 539 1388 pictura
562 1309 690 1391 partem
713 1302 916 1389 praedarum
940 1301 1212 1369 devorandarum
1236 1304 1326 1369 oculi
1342 1303 1436 1369 desi-

409 1405 797 1496 derentt'Quapropter,
821 1409 952 1477 stabilis
968 1429 1044 1475 mea
1058 1410 1225 1476 sententia
1247 1408 1322 1477 fore
1344 1428 1430 1476 con-

408 1513 474 1582 fido
497 1522 534 1582 ut
555 1517 617 1582 tibi
640 1515 806 1583 videatur.

516 1622 573 1688 III.
599 1625 745 1692 Carmen
776 1627 828 1687 est
858 1625 893 1688 in
917 1623 1136 1689 Mamurram.
1174 1625 1221 1689 lte
1245 1624 1427 1690 Mamurra

410 1727 557 1794 Formiis
582 1735 661 1795 nato
685 1735 717 1794 et
731 1727 902 1814 praefecto
919 1728 1054 1795 fabrum
1079 1729 1237 1797 Caesaris
1253 1728 1288 1793 in
1306 1728 1427 1795 Gallia

411 1833 456 1899 cf.
483 1835 642 1902 Plinium
666 1836 751 1902 hist.
776 1835 854 1903 Nat.
872 1835 971 1914 36‚48
987 1837 1160 1922 ipsumque
1176 1835 1352 1903 Catullum
1363 1835 1424 1903 57.

410 1939 451 2005 In
466 1938 691 2027 descriptione
706 1942 839 2008 itineris
851 1940 1068 2009 Brundisium
1085 1943 1240 2028 suscepti,
1258 1941 1425 2007 Horatius

411 2045 578 2114 Formias
601 2047 738 2128 indicat,
755 2048 877 2115 omisso
903 2053 1017 2113 tamen
1041 2049 1174 2113 nomine
1190 2047 1304 2114 urbis:
1321 2067 1427 2133 quum

408 2153 569 2219 nimirum
591 2155 764 2232 Horatius,
791 2153 980 2232 Maecenas,
1004 2153 1175 2231 Cocceius,
1201 2155 1306 2220 ceteri
1338 2155 1425 2220 reli-

399 2261 567 2345 quissent

555 2453 762 2531 «Impositum
785 2455 866 2515 saxis
886 2455 946 2516 late
967 2457 1160 2518 candentibus
1181 2458 1322 2516 Anxur»

411 2625 649 2692 sustinuerunt
683 2626 840 2704 FormiiS,
869 2645 968 2713 quem
998 2627 1109 2692 locum
1142 2626 1194 2713 (eo
1225 2633 1324 2693 erant
1352 2627 1429 2692 Ma-

410 2751 546 2798 murrae
570 2733 617 2798 ibi
640 2732 834 2798 habitantes
857 2735 992 2798 nomine
1009 2741 1043 2798 et
1058 2733 1231 2820 dignitate)
1254 2732 1424 2819 significat

409 2845 505 2924 poeta
531 2840 707 2905 scribens:
1202 2865 1203 2874 ¹

493 3034 557 3096 «ln
577 3037 822 3094 Mamurrarum
842 3035 914 3096 lassi
935 3034 1042 3095 deinde
1063 3035 1139 3094 urbe
1160 3053 1314 3095 manemus

530 3134 660 3193 Murena
680 3135 844 3210 praebente
865 3135 997 3202 domum,
1019 3134 1164 3211 Capitone
1185 3134 1359 3196 culinam.»

454 3322 501 3387 De
515 3322 691 3388 Mamurra
706 3322 866 3388 disseruit
881 3324 1013 3407 copiose
1039 3339 1146 3408 nuper
1170 3325 1199 3388 J.
1223 3324 1347 3388 Munro
1372 3322 1425 3410 (ln

412 3427 625 3516 Cambridge
639 3429 791 3496 Journal
807 3431 852 3514 of
864 3429 1034 3515 philolog.
1053 3427 1131 3507 ata
1145 3427 1263 3516 sequ).
1285 3429 1349 3495 Sed
1361 3449 1425 3495 nos

409 3534 452 3601 ad
475 3536 609 3622 reliqua
631 3554 732 3622 porro
756 3534 949 3622 peragenda
972 3535 1190 3622 impellimur.

453 3643 573 3730 Incipit
586 3662 721 3709 carmen
739 3662 783 3708 ex
799 3641 951 3728 abrupto,
966 3642 1097 3708 Catullo
1112 3643 1309 3728 indignante
1321 3643 1426 3709 homi-

409 3767 485 3815 nem
509 3749 602 3815 illum
625 3756 699 3835 post
722 3768 795 3812 rem
817 3754 991 3834 paternam
1015 3749 1248 3836 obligurritam
1268 3751 1426 3837 regiona-

409 3877 551 3942 rumque
565 3863 759 3922 exterarum
772 3854 991 3941 complurium
1004 3855 1138 3921 divitias
1152 3857 1354 3942 absumptae,
1365 3859 1426 3922 im-

410 3964 539 4030 minere
549 3965 708 4032 Comatae
720 3959 851 4027 Galliae
872 3967 906 4028 ot
924 3962 1129 4040 Britanniae,
1143 3983 1285 4048 quarum
1296 3963 1425 4029 scilicet

410 4068 665 4158 expilandarum
680 4071 820 4147 Caesar,
835 4070 892 4155 qui
909 4088 967 4135 eas
985 4069 1176 4155 subegerat,
1194 4069 1224 4134 ci
1241 4070 1423 4136 arbitrium
