3164 5104
455 507 486 558 16
772 517 808 554 an
828 515 976 556 cmumuu
996 501 1083 565 2‚7-8

457 633 500 698 Ut
523 629 565 694 ad
587 646 723 694 versum
747 627 920 713 septimum
955 627 1102 706 redeam,
1137 627 1363 712 reponendum
1393 633 1431 695 in

414 758 451 804 eo
476 737 549 819 erit,
574 733 747 824 repudiato
770 733 857 818 quod
880 753 971 800 nunc
994 735 1095 820 vulgo
1119 733 1245 799 editur:
1275 757 1291 798 u
1314 736 1356 803 Ut
1373 757 1430 802 so·

413 843 569 910 laciolum
596 867 612 901 »
640 846 703 906 ete.
730 839 787 906 vel
809 841 858 906 Et
874 839 961 924 quod
976 839 1105 906 codices
1121 842 1296 926 praebent,
1314 843 1368 906 vel
1386 843 1432 909 In

414 949 500 1034 quod
524 949 608 1014 olim,
625 947 700 1012 Itali
725 946 888 1032 singulari
912 948 946 1011 in
970 947 1063 1012 hisee
1089 945 1214 1020 studiis,
1233 968 1317 1032 quae
1335 968 1434 1016 nunc

415 1056 501 1140 apud
525 1075 586 1120 nos
612 1052 787 1119 admodum
804 1055 923 1131 iacent,
942 1054 1095 1118 acumine
1112 1052 1266 1139 praediti,
1282 1056 1436 1120 coniece-

414 1169 505 1227 runt.
531 1161 640 1226 Dolor
663 1166 773 1224 autem
798 1179 864 1224 non
901 1161 965 1224 erit
1001 1158 1097 1225 dolor
1128 1180 1170 1224 ex
1201 1180 1317 1226 amore
1341 1163 1430 1248 quod

416 1269 517 1355 vulgo
542 1267 692 1334 ereditur
709 1264 829 1352 'letiam
846 1267 892 1330 M.
910 1266 1070 1350 Hauptius
1086 1267 1229 1332 Berroia
1246 1269 1311 1332 der
1324 1267 1431 1334 Suet.

417 1377 539 1442 desedi.
558 1376 621 1440 der
642 1373 761 1449 Wtss„
786 1372 885 1436 etiam
912 1371 1076 1454 opuscul.
1105 1371 1228 1459 1215),
1255 1373 1313 1438 sed
1330 1394 1435 1460 gene·

415 1483 515 1546 ratim
539 1499 620 1546 cura
643 1500 702 1545 seu
720 1478 894 1564 aegritudo
912 1479 1026 1558 animi,
1041 1481 1070 1542 si
1086 1477 1244 1544 nimirum
1261 1480 1335 1544 iure
1352 1500 1435 1546 eon·

416 1588 508 1668 tandi
521 1587 596 1652 fore
610 1591 646 1650 ut
659 1585 840 1651 absurdum
852 1586 1037 1663 videretur,
1050 1587 1077 1650 si
1089 1591 1185 1671 poeta
1200 1586 1263 1653 sibi
1276 1585 1432 1652 finxisset

416 1695 571 1760 Lesbiam
595 1695 676 1758 satis
701 1693 812 1758 solatii
836 1695 870 1757 in
894 1693 971 1758 lusu
987 1713 1060 1758 oum
1074 1713 1212 1778 passere
1225 1699 1432 1780 captantem.

460 1800 512 1865 Ad
536 1820 709 1874 summam,
734 1817 853 1864 versus
877 1806 1016 1864 octavus
1048 1800 1130 1864 mihi
1147 1800 1280 1886 quidem
1303 1800 1430 1868 iamdiu

417 1907 548 1974 videtur
565 1905 831 1993 expungendus:
869 1908 1092 1972 inconcinnus
1124 1909 1210 1972 enim
1238 1915 1310 1985 est,
1346 1929 1431 1974 sen-

417 2015 619 2099 tentiamque
647 2013 748 2080 efficit
777 2032 927 2100 pravam.
953 2011 1117 2098 Septimus
1154 2032 1233 2079 sane
1262 2013 1433 2080 Catullum

417 2121 551 2188 videtur
575 2123 656 2187 satis
671 2120 833 2186 'redolere
854 2121 1119 2204 sententiamque
1144 2126 1255 2206 aptam
1280 2121 1430 2203 efficere,

418 2248 516 2312 quem
533 2247 613 2312 ergo
631 2247 699 2292 non
723 2245 843 2291 recuso
867 2228 1042 2311 quominus
1067 2233 1182 2292 tueare
1203 2233 1237 2293 et
1259 2228 1432 2294 mordicus

419 2341 545 2412 teneam
574 2338 607 2398 et
630 2337 740 2397 tamen
769 2331 894 2396 infitias
925 2351 991 2398 non
1026 2333 1140 2410 iveris
1166 2340 1307 2419 utroque
1329 2353 1434 2400 versu

420 2439 596 2525 ablegato,
622 2439 696 2504 fore
720 2444 757 2504 ut
780 2459 928 2518 carmen,
956 2438 1142 2526 expeditius
1167 2439 1304 2518 factum,
1330 2443 1435 2525 paulo

422 2547 557 2610 facilius
585 2551 709 2622 currat,
735 2566 800 2632 qua
823 2547 858 2610 in
874 2565 912 2610 re
936 2547 1082 2612 omnium
1111 2547 1258 2612 maxime
1280 2548 1435 2633 profecto

420 2654 531 2720 elucet
555 2652 715 2718 Catullus,
