3046 5096
342 418 378 458 un
398 419 538 460 nourraus
557 420 619 459 τιτι
635 419 694 460 nrm
713 401 758 471 at,
772 404 836 459 1·20
1022 401 1057 463 63

13 501 18 532 ³
91 527 250 594 tummodo
263 530 408 594 hiberna
422 531 533 616 priora
549 529 731 618 (atala),
750 537 783 598 et
797 531 899 596 tertia
913 530 1093 624 eademque

13 703 14 708 ,
91 641 253 722 postrema
277 635 450 724 (atati).
471 635 592 723 Operis
623 638 803 724 Polybiani
835 639 977 724 vestigia
1000 640 1094 731 haee,

13 749 14 762 ¹
92 763 283 830 quamquam
306 744 455 819 nondum
472 745 707 832 0110000010,οῑ
728 750 819 811 certa
841 752 918 811 sunt
933 752 967 812 et
979 752 1098 813 notatu

97 851 297 938 dignissima.

174 960 265 1026 XIV.
289 960 361 1025 Liv.
386 959 439 1038 21,
466 961 520 1038 6,3
544 981 635 1048 seqq.
668 962 714 1026 01.
739 961 790 1039 21,
825 959 878 1026 18.
920 961 1100 1047 Polybiani

91 1068 195 1152 operis
223 1068 366 1151 vestigia
402 1067 545 1153 denique
580 1067 787 1153 deprehendi
817 1087 879 1154 ego
918 1069 1004 1155 apud
1040 1071 1100 1136 Li-

91 1175 177 1237 vium
211 1175 245 1238 in
281 1175 432 1266 eoquod
455 1177 604 1262 pertinet
628 1176 669 1240 ad
692 1177 832 1260 legatos,
848 1196 939 1260 ¹quos
969 1178 1101 1264 Sagun-

92 1282 152 1344 tini
176 1282 312 1346 Romam
336 1281 377 1346 ad
401 1303 495 1367 opem
520 1282 693 1369 petendam
725 1285 907 1362 miserunt,
941 1285 1020 1348 item
1057 1285 1100 1352 ad

93 1389 216 1474 legatos
240 1409 320 1474 quos
352 1390 494 1455 Romani
519 1389 560 1455 ad
584 1391 804 1456 Hannibalem
828 1391 863 1456 in
886 1391 1096 1477 Hispaniam,
1150 1386 1153 1391 ’

92 1503 187 1580 atque
210 1496 446 1583 Carthaginem
465 1499 498 1561 in
516 1498 668 1565 Africam
693 1500 874 1576 miserunt;
900 1519 1098 1586 quamquam

93 1605 194 1687 primo
218 1605 328 1670 statim
353 1602 511 1690 adspectu
535 1626 618 1690 quae
635 1605 721 1692 apud
746 1607 1097 1683 Livium—occurrunt,

94 1729 139 1787 ea,
163 1710 258 1776 valde
282 1710 429 1789 confusa,
455 1732 497 1776 ex
520 1712 659 1799 Polybio
683 1733 790 1798 neque
816 1714 851 1778 in
877 1714 1101 1781 1101010001-
1128 1769 1129 1774 ,

94 1819 265 1882 stimantur
290 1837 444 1884 manasse
470 1838 578 1904 neque
603 1820 638 1883 in
663 1826 837 1884 auctorem
872 1821 967 1885 illum
1003 1841 1100 1906 quem

95 1925 154 1990 hoo
178 1924 248 1989 loco
271 1925 384 1992 Livius
409 1932 539 1990 secutus
564 1927 619 1990 sit.
645 1927 713 1992 Res
729 1947 811 1992 vero
834 1927 947 2013 paullo
964 1927 1101 2013 longio-

97 2051 165 2094 rem
188 2031 606 2117 tractationemrequirit.
633 2036 868 2110 Quaestionem
904 2034 944 2118 de
978 2036 1099 2121 legatis

95 2137 347 2223 Saguntinorum
371 2141 484 2226 paucis
507 2142 603 2206 verbi
635 2142 832 2208 absolvam:
865 2142 978 2207 Livius
1012 2143 1101 2207 enim
1229 2184 1231 2188 -
1315 2183 1317 2186 -
1401 2215 1402 2224 χ

95 2247 257 2310 consentit
270 2267 342 2312 oum
357 2248 505 2334 Polybio,
519 2249 583 2312 nisi
596 2247 682 2332 quod
694 2249 815 2335 Polyb.
838 2249 948 2314 innuit
967 2247 1101 2339 (3‚15,1)

96 2371 112 2414 0
135 2353 330 2438 Saguntinis
347 2356 476 2440 legatos
493 2356 621 2440 pluries
637 2357 755 2422 missos
774 2356 892 2436 101000,
910 2356 1023 2422 Livius
1039 2357 1103 2423 boo

96 2463 314 2543 praetermisit
339 2461 493 2549 (21,6‚2).

138 2571 244 2634 Venio
269 2570 459 2655 adlegatos
491 2590 511 2634 0
542 2571 704 2635 Romanis
737 2573 865 2636 missos.
892 2573 963 2638 Hoc
995 2579 1103 2639 autem

97 2677 233 2760 primum
258 2679 403 2741 omnium
427 2679 610 2762 quaeritur,
636 2679 769 2761 quoties
791 2677 894 2764 legati
911 2680 1003 2743 missi
1027 2679 1105 2744 100-

96 2784 182 2847 rint:
210 2782 327 2848 deinde
351 2802 419 2864 quo
461 2785 592 2867 quique
636 2790 791 2867 tempore
824 2786 926 2849 mz'sae'
952 2787 1103 2868 fuerint,

98 2896 161 2954 lum
197 2910 303 2975 quom
338 2891 379 2956 ob
414 2911 580 2957 aeteram.
616 2891 798 2977 Perspicue
834 2897 995 2975 quantum
1029 2891 1104 2957 fieri

97 3004 201 3082 potest
223 3003 340 3062 narrat
362 2998 521 3082 Polybius
553 2997 604 3062 bis
639 2998 767 3082 legatos
802 2997 920 3063 missos
955 2987 1103 3063 fuissea

14 3089 15 3120 ³
98 3104 256 3168 Romanis
282 3103 404 3190 (3‚15,2
429 3124 519 3189 seqq.
546 3104 659 3182 3,20,6
682 3103 801 3191 sequ).
818 3105 890 3170 Hoc
906 3105 983 3170 item
1001 3105 1104 3171 tradit

14 3255 15 3266 1
98 3210 235 3274 Livius:
261 3211 406 3296 priorem
431 3210 633 3296 legationem
666 3213 800 3276 missam
826 3213 872 3276 ait
894 3211 1028 3288 aloa:
1055 3214 1106 3276 al·

14 3317 15 3364 ἶ
98 3323 200 3381 teram
224 3316 380 3392 21,18,1;
404 3319 514 3382 minus
540 3325 648 3383 tamen
673 3319 736 3383 hoo
760 3319 846 3403 apud
870 3339 921 3383 me
946 3318 1103 3404 ponderis

98 3423 204 3500 habet,
230 3424 316 3508 quod
340 3425 450 3487 livius
473 3425 524 3489 bis
547 3425 676 3511 legatos
699 3426 819 3498 missos
850 3425 957 3494 101000
985 3446 1106 3491 memo·
1160 3409 1165 3420 ⁵

99 3539 159 3609 rat,
186 3549 283 3616 quam
308 3531 396 3616 quod
419 3534 552 3600 nomina
583 3534 771 3620 legatorum
808 3535 954 3620 ipsorum
990 3532 1102 3598 addit:

98 3640 245 3703 omnium
270 3640 358 3703 enim
382 3640 566 3705 certissima
591 3661 630 3706 00
655 3642 737 3705 mihi
761 3657 900 3726 semper
923 3646 1001 3705 sunt
1032 3641 1106 3704 visa

99 3765 182 3829 quae
212 3749 356 3812 Romani
385 3749 583 3833 scriptoreS,
614 3751 729 3815 Livius
761 3752 798 3816 in
830 3751 963 3836 primis,
990 3749 1030 3814 de
1061 3747 1108 3813 le·

99 3858 185 3940 gatis
203 3841 356 3925 ‚tradere
379 3868 635 3936 consueverunt,
665 3856 864 3924 nominibus
887 3857 1108 3941 singulorum

101 3963 294 4046 legatorum
317 3963 487 4030 adiectis:
516 3965 596 4031 hino
625 3968 714 4030 enim
749 3965 891 4032 efficitur
926 3965 959 4028 in
993 3985 1106 4030 rerum

99 4071 318 4135 monumentis
342 4078 510 4138 servatam
534 4073 639 4138 fuisse
663 4074 856 4138 memoriam
881 4071 1029 4139 omnium
1060 4071 1106 4137 le-
