3046 5096
392 395 427 434 nu
446 393 582 434 rourrnus
598 395 658 438 ,1111
676 395 737 434 mvi
756 381 875 448 21,1-20
1070 381 1106 434 75

142 505 208 569 sire
231 505 301 568 eius
325 505 552 570 tantummodo
577 512 730 571 auctores
755 506 796 569 iis
812 511 889 569 sunt
911 502 987 592 usi),
1014 503 1072 570 sed
1088 525 1143 570 res

141 612 180 675 ab
202 611 352 689 Hamilc,
378 610 548 678 Hasdrub.
575 618 608 677 et
631 611 777 678 Hannib.
793 612 827 677 in
851 612 1014 698 Hispania
1034 617 1145 698 gestas

141 723 233 801 atque
257 718 342 803 apud
377 719 450 786 Liv.
486 718 561 797 all
586 719 630 784 20
653 725 821 798 narratas,
848 738 891 784 ex
921 721 962 785 iis
987 739 1054 785 non
1078 740 1149 786 ma-

138 843 244 891 nasse.
270 828 378 902 Quam
402 845 509 890 meam
533 827 720 912 opinionem
742 826 917 912 complura
937 825 1146 892 confirmant.

181 930 413 998 Consideranti
430 935 519 998 enim
536 933 617 998 mihi
634 937 797 999 rationem
815 935 924 1019 operis
942 935 1091 1012 Liviani,
1110 936 1145 1000 in

139 1060 199 1126 quo
222 1041 387 1118 nimirum,
412 1060 502 1105 nexu
525 1042 614 1106 inter
645 1061 679 1108 se
703 1061 818 1107 rerum
843 1048 874 1108 et
898 1044 995 1126 quasi
1022 1061 1144 1128 cogna-

138 1149 225 1213 tione
248 1149 437 1234 pcsthabita
456 1150 679 1234 temporisque
695 1149 813 1216 ordine
830 1148 1058 1215 tantummode
1075 1168 1147 1214 ser-

138 1262 221 1334 vato,
247 1277 301 1322 res
326 1277 387 1342 per
411 1257 560 1342 singulos
585 1277 691 1322 annos
715 1265 794 1324 sunt
826 1257 988 1344 digestae,
1014 1278 1145 1343 semper

138 1365 241 1429 visum
279 1370 329 1429 est
363 1385 445 1450 opus
481 1365 569 1452 istud
592 1366 771 1451 imaginem
799 1364 978 1450 quandam,
1004 1363 1145 1430 mirifice

137 1473 262 1538 scilicet
273 1473 480 1560 perpolitam,
500 1472 557 1538 sed
569 1479 681 1538 tamen
698 1475 875 1559 imaginem
890 1473 1036 1539 Tabulae
1048 1491 1147 1559 prae-

135 1579 225 1657 bere,
244 1581 370 1647 Romae
393 1599 498 1665 usque
522 1579 564 1645 ad
588 1581 731 1646 Mucium
755 1580 945 1646 Pontificem
962 1580 1144 1646 Maximum

135 1687 266 1772 publice
283 1688 504 1774 conscriptae:
522 1687 600 1752 item
617 1688 812 1774 praebuisse
828 1689 890 1752 visi
905 1694 984 1754 sunt
997 1687 1145 1752 omnium

134 1800 211 1859 ante
228 1795 361 1860 Livium
385 1795 622 1860 historicorum
640 1794 798 1871 Annales,
817 1794 859 1859 ad
883 1814 1025 1878 querum
1042 1795 1147 1858 imita·

135 1905 259 1967 tionem
284 1902 407 1967 Noster
430 1903 464 1966 in
489 1902 588 1966 rebus
613 1903 647 1965 in
664 1921 771 1966 annos
789 1899 1025 1966 distribuendis
1041 1920 1076 1965 se
1093 1920 1148 1965 ac-

135 2009 333 2074 comodavit.
353 2010 467 2093 Itaque
483 2009 565 2073 rude
584 2009 754 2095 exemplar
777 2006 861 2072 illud
886 2009 1146 2073 vetustissimum

134 2137 209 2182 cum
235 2117 431 2181 referebant
454 2115 605 2181 Annales
629 2135 718 2180 nunc
742 2113 905 2199 deperditi
936 2115 1142 2200 reliquorum

132 2225 386 2314 historicorum,
422 2227 492 2288 tum
528 2223 685 2288 referunt
719 2222 796 2287 libri
829 2224 871 2287 ab
901 2221 988 2288 Urbe
1013 2220 1144 2287 condita

132 2331 200 2395 Titi
225 2331 324 2396 Livi:
352 2329 450 2418 idque
474 2349 541 2394 non
564 2328 660 2394 modo
684 2331 719 2394 in
744 2331 874 2395 ratione
899 2348 1012 2393 rerum
1036 2327 1145 2414 dispo-

131 2437 335 2517 nendarum,
362 2437 540 2503 sedetiam
558 2457 678 2523 magna
703 2455 745 2501 ex
768 2443 864 2522 parte
881 2436 915 2500 in
939 2438 1038 2501 rebus
1055 2436 1145 2521 ipsis.

132 2549 229 2622 Quae
253 2565 353 2632 quum
377 2547 422 2609 ita
446 2546 525 2621 sint,
563 2546 592 2609 si
627 2564 712 2630 quae
745 2543 831 2628 apud
855 2543 984 2608 Livium
1009 2544 1147 2609 omnino

130 2655 262 2732 desunt,
276 2653 444 2719 defuerint
457 2672 592 2717 necesse
609 2658 656 2716 est
669 2657 701 2716 et
714 2651 800 2735 apud
812 2651 958 2736 reliquos
971 2651 1146 2716 annalium

132 2762 330 2847 scriptores,
367 2767 399 2824 et
423 2760 457 2823 in
483 2757 671 2823 Annalibus
706 2759 871 2824 Maximis.
902 2757 990 2843 (Non
1020 2765 1146 2837 contra,

132 2891 221 2957 quae
234 2870 321 2956 apud
329 2869 509 2934 Annalium
522 2869 702 2953 scriptores
715 2868 853 2946 fuerint,
865 2887 903 2933 ea
916 2870 1028 2933 omnia
1041 2868 1147 2934 fuisse

132 2981 171 3042 in
196 2978 380 3042 Annalibus
405 2977 569 3052 Maximis,
597 2995 696 3059 quum
714 2976 818 3040 multa
843 2974 976 3040 aliunde
999 2981 1148 3061 praeter·

134 3104 236 3171 quam
260 3085 347 3171 quod
363 3099 406 3149 er
423 3083 610 3148 Annalibus
628 3083 718 3148 Max.
738 3083 918 3169 scriptores
935 3081 1146 3171 sumserint):

132 3209 301 3276 versaque
324 3191 396 3257 vice
420 3211 506 3274 quae
542 3188 688 3254 defuisse
720 3189 877 3254 videntur
901 3191 936 3255 in
960 3189 1147 3256 Annalibus

135 3300 296 3364 Maximis
321 3320 359 3365 ea
384 3296 745 3389 necessariodefuisse
766 3303 798 3361 et
814 3296 900 3382 apud
916 3297 1063 3382 reliquos
1081 3299 1148 3362 An-

134 3407 264 3471 nalium
298 3408 485 3492 scriptores,
518 3411 550 3470 et
584 3405 702 3470 deesse
735 3404 822 3490 apud
856 3405 986 3469 Livium
1010 3404 1144 3472 debere.

135 3516 277 3581 Aiebam
294 3522 405 3580 autem
422 3535 476 3579 res
490 3513 643 3590 Hamilc,
658 3511 935 3596 Hasdrubalque
951 3512 1100 3577 Hannib.
1112 3513 1147 3576 in

133 3622 297 3708 Hispania
321 3628 432 3709 gestas
456 3621 490 3686 in
515 3615 643 3686 Tabula
670 3623 768 3686 Pont.
795 3619 888 3685 blau.
919 3625 1051 3684 notatas
1082 3639 1148 3684 non

133 3731 266 3806 fuisse3
305 3750 366 3796 cur
396 3731 499 3815 igitur
528 3749 587 3794 eae
614 3732 796 3794 narrantur
828 3747 847 3791 a
877 3727 970 3791 Livio
993 3725 1148 3804 ala-20?

134 3838 229 3903 Haec
252 3839 359 3924 prima
383 3839 491 3923 specie
507 3836 742 3922 repugnantia,
761 3853 827 3898 non
850 3832 945 3898 mode
962 3851 1029 3897 non
1051 3853 1150 3919 repu-

134 3952 242 4031 gnant
254 3947 343 4011 inter
359 3964 405 4024 se,
422 3944 479 4010 sed
495 3946 604 4030 potius
621 3945 732 4009 omnia
748 3941 879 4024 reliqua
891 3940 991 4028 plana
1004 3941 1147 4005 faciunt.

135 4055 207 4121 Res
232 4055 318 4120 enim
343 4054 420 4119 illas
443 4055 471 4119 si
488 4071 530 4118 ex
555 4051 678 4118 Annal.
693 4049 786 4115 Man.
807 4056 952 4135 sumptas
974 4050 1149 4114 narrasset
