3164 5104
500 493 537 530 an
555 492 703 532 caruunuu
722 478 766 542 68,
778 478 812 532 60
1098 483 1131 536 37

154 623 238 664 scoso
251 606 403 684 prosilite
424 604 533 683 lapide,
556 635 595 650 -υ
613 607 669 672 Qui
689 623 758 664 cum
779 607 815 664 dc
836 623 931 682 prona
958 625 1101 685 praeceps
1122 617 1167 667 est

152 704 237 762 valle
259 704 391 777 volutus,
407 736 447 748 -
461 705 521 763 Per
540 703 672 763 medium
694 704 779 763 densi
799 704 904 763 transit
924 705 982 764 iter
995 704 1113 782 populi,
1127 738 1167 750 -

152 802 249 861 Dulce
271 803 379 861 viatori
408 803 490 861 lasso
522 803 553 860 in
588 789 704 860 sudore
730 801 881 876 levamen,
907 835 945 846 -
966 803 1040 863 Cum
1061 805 1164 880 gravis
1194 816 1198 828 '

152 908 278 958 exustos
300 906 399 959 aestus
416 899 534 960 hiulcat
554 916 663 976 agros:
685 931 723 944 -
753 901 810 958 Hic
831 901 966 959 velutin
986 903 1074 978 nigro
1095 903 1163 961 iac-

152 999 225 1056 tatis
246 999 366 1056 turbine
386 997 486 1057 nautis
501 1029 539 1042 -
551 999 662 1057 Lenius
670 994 812 1073 'aspirans
835 1017 909 1058 aura
930 1003 1060 1060 secunda
1080 1003 1164 1060 venit

150 1125 194 1139 -
206 1096 271 1152 Iam
292 1113 381 1170 prece
402 1081 544 1155 Pollucis¹
556 1095 616 1154 iam
639 1096 773 1154 Castoris
794 1097 955 1174 implorata
968 1133 1006 1142 -
1017 1098 1091 1158 Tale
1106 1099 1163 1157 luit

67 1185 71 1193 ’
150 1193 238 1251 nobis
260 1192 362 1252 Allius
383 1193 538 1253 auxilium.
555 1212 570 1252 ν

199 1345 364 1430 Plerique
387 1347 434 1410 ita
459 1344 620 1422 iudicant,
645 1349 922 1431 comparationem
950 1369 992 1412 ex
1015 1351 1089 1414 rivo
1105 1347 1163 1412 de-

151 1458 317 1537 promtam
340 1454 510 1536 pertinere
543 1450 585 1516 ad
619 1471 659 1515 ea
688 1472 772 1539 quae
800 1461 995 1541 sequuntur,
1023 1454 1086 1519 hoc
1104 1463 1163 1518 cst

151 1559 195 1625 ad
218 1559 384 1624 auxilium
400 1558 494 1624 Allii:
507 1557 606 1645 pauci
621 1562 749 1625 contra.
767 1559 992 1648 Utrorumque
1008 1563 1158 1626 rationes

152 1667 292 1753 collegit
309 1669 501 1754 nuperrime
517 1666 667 1743 Ellisius3
684 1684 764 1751 quas
785 1667 840 1731 hic
854 1666 1037 1752 attingendi
1058 1670 1161 1733 otium

151 1794 221 1839 non
238 1781 302 1850 est,
317 1773 440 1839 nedum
455 1774 604 1860 singulas
622 1793 792 1859 exponere
805 1781 838 1840 ct
851 1774 1032 1844 enucleare
1049 1783 1159 1855 vacet;

149 1881 271 1947 utilius
294 1881 381 1945 enim
401 1901 490 1946 nova
513 1886 711 1966 argumenta
734 1881 768 1944 in
793 1880 935 1947 medium
959 1880 1161 1960 afferuntur,

151 2008 254 2072 quam
271 1993 387 2052 vetera
410 1993 625 2073 repetuntur.
644 1987 811 2072 Egovero
824 1988 961 2052 memini
973 2007 1024 2052 me
1037 1988 1084 2053 ihi
1095 1989 1162 2053 iarn
1199 2041 1202 2048 .

147 2093 281 2178 pridem
304 2093 554 2181 deprehendere
578 2095 754 2182 vestigium
781 2093 1001 2172 Homericum,
1026 2093 1115 2178 quod
1139 2116 1159 2160 a

149 2200 251 2266 nullo
279 2201 443 2266 hactenus
467 2201 695 2279 observatum,
727 2199 902 2286 (hactenus
931 2203 1019 2266 enim
1043 2207 1161 2266 contu-

146 2310 266 2374 lerunt
288 2309 398 2373 critici
422 2309 518 2373 rivos
553 2326 586 2372 v.
615 2307 659 2372 58
689 2327 765 2373 cum
788 2309 893 2374 iliad.
925 2307 1026 2387 9,14;
1053 2330 1087 2372 ν.
1113 2306 1158 2372 60

147 2435 229 2482 cum
254 2413 360 2480 Iliad.
387 2413 533 2490 15,681;
560 2413 636 2479 vide
660 2412 746 2499 apud
769 2414 939 2492 Ellisium;
965 2422 1102 2501 praeter
1119 2433 1159 2478 ea

146 2522 241 2587 nihil
258 2542 339 2607 cum
362 2520 472 2587 Iliade
496 2520 735 2607 contulerunt.)
760 2521 852 2587 litem
875 2521 931 2586 vel
954 2523 1089 2586 omnino
1105 2519 1161 2585 di-

144 2631 262 2706 rimet,
287 2628 344 2693 vel
368 2629 487 2694 saltem
511 2626 552 2691 ad
576 2647 647 2692 eam
672 2626 891 2692 dirimendam
915 2647 1036 2714 magno
1060 2647 1163 2713 opere

144 2736 343 2824 pertinebit.
371 2734 506 2803 Contuli
530 2735 619 2799 enim
642 2734 752 2799 locum
768 2734 890 2799 Catulli
907 2753 981 2799 cum
994 2735 1100 2802 [lind.
1119 2741 1158 2812 Π,

144 2845 172 2910 2
196 2861 286 2929 seqq.
311 2839 368 2906 uhi
390 2839 488 2906 fletus
506 2841 707 2926 exprimitur
733 2839 900 2906 Patrocli:

272 2999 433 3082 Πάτροκλος
452 3000 477 3056 δ’
489 2998 605 3079 Ἀχιλῆϊ
626 2996 788 3079 παρίστατο,
808 2996 918 3074 ποιμένι
939 3003 1015 3058 λαῶν

274 3097 380 3179 δάκρυα
393 3099 487 3179 ’θερμὰ
507 3095 588 3177 χέων,
609 3095 679 3155 ὥστε
699 3096 783 3179 κρήνη
805 3094 971 3178 μελάνυδρος

274 3196 322 3268 ἥτε
342 3198 402 3256 κατ’
415 3195 553 3274 αἰγίλιπος
574 3193 673 3278 πέτρης
694 3195 823 3276 δνοφερὸν
844 3194 900 3275 χέει
921 3192 952 3253 db
979 3219 1003 3278 ρ.

195 3354 241 3434 Si,
266 3361 300 3420 ut
324 3375 385 3442 ego
409 3353 576 3431 cristine,
603 3354 638 3417 in
663 3351 911 3438 comparatione
935 3351 992 3415 illa
1008 3349 1160 3417 Catullus

144 3463 194 3530 ad
222 3460 405 3526 Homerum
429 3460 584 3546 respexit,
609 3460 675 3522 iam
700 3458 865 3524 constabit
898 3457 1056 3522 lacrimas
1081 3476 1158 3520 suas

144 3551 320 3635 Catullum
344 3566 568 3652 composuisse
592 3564 665 3629 rivo
690 3565 746 3649 qui
779 3563 951 3650 prosilite
979 3562 1101 3647 lapide
1126 3563 1165 3626 in

149 3675 284 3744 vertice
306 3673 374 3740 otta·
395 3673 546 3750 montis,
579 3690 645 3737 non
671 3689 768 3736 secus
793 3677 892 3755 atque
916 3670 1081 3735 Homerus
1109 3670 1166 3734 la*-

144 3785 274 3852 crimas
297 3780 443 3847 Patrocli
475 3800 549 3846 cum
585 3779 680 3844 fonte
714 3778 770 3863 qui
805 3777 849 3843 ab
884 3778 1021 3873 corocina
1055 3781 1164 3864 petra

143 3912 270 3978 aquam
293 3887 405 3955 fundit
428 3887 573 3968 confert,
599 3889 730 3974 iamque
754 3887 878 3976 patebit
901 3887 1081 3972 imaginem
1107 3906 1164 3951 re·

146 3999 249 4077 ferri,
275 3997 361 4086 apud
384 3993 561 4073 Catullum,
586 3995 628 4061 ad
651 4014 691 4061 ea
716 4013 802 4079 quae
824 3992 1040 4080 praecedunt.
