3164 5104
438 459 472 513 20
721 473 758 511 no
776 473 925 514 CATULLUM
944 461 970 528 6,
985 461 1066 515 12-14

450 582 639 662 Bondanus,
663 583 821 650 adhibitis
845 587 925 652 Mss.
942 607 962 652 a
978 587 1184 652 Ruhnkenio
1199 587 1356 673 acceptis,
1374 588 1411 652 in

408 692 525 776 quibus
561 691 697 756 extabat
731 693 823 757 Nom
856 693 897 759 ni
932 699 962 760 te
991 695 1127 778 pudeat
1153 693 1242 761 nibil
1265 699 1408 772 tuberes

407 805 514 866 totum
537 798 647 865 locum
670 819 731 884 per
754 801 821 864 vim
845 801 892 865 sic
914 799 1075 869 refinxit:

568 1001 583 1036 u
605 979 684 1039 Nam
705 980 735 1038 ni
756 986 784 1040 te
805 981 915 1056 pudeat
935 980 1011 1039 nihil
1032 987 1148 1040 taceres

605 1077 680 1136 Cum
699 1097 776 1137 nune
797 1085 859 1137 tam
879 1079 977 1138 latera
998 1077 1124 1138 effututa
1144 1079 1276 1154 pandant
1369 1083 1372 1090 '

607 1176 702 1237 Noetu
724 1177 795 1254 quid
815 1176 909 1236 facias
930 1178 1121 1254 ineptiarum.
1138 1197 1154 1232 >›

451 1366 566 1452 Apage
601 1385 621 1430 a
651 1366 746 1431 nobis
779 1371 907 1430 tantam
940 1364 1136 1430 libidinem!
1174 1383 1252 1429 nam
1290 1385 1411 1430 versus

409 1474 501 1558 prior
535 1473 600 1537 iam
631 1473 734 1537 multo
769 1474 891 1538 rectius
925 1471 1120 1540 Ruhnkenii
1153 1472 1289 1557 eiusque
1314 1473 1410 1553 socii,

409 1599 508 1666 quam
531 1578 653 1644 Catulli
678 1579 834 1644 dicendus
860 1585 954 1644 esset.

453 1685 518 1752 Sub
541 1683 639 1750 finem
664 1705 750 1750 saec.
777 1684 874 1751 XVII
895 1686 1097 1772 Doeringius
1123 1691 1156 1750 et
1173 1686 1243 1771 ipse
1267 1686 1301 1750 in
1317 1707 1348 1753 v.
1370 1685 1414 1752 12

409 1793 587 1858 verborum
611 1791 759 1856 ordinem
783 1793 932 1869 invertit,
958 1791 1015 1856 sed
1030 1794 1064 1856 in
1085 1813 1141 1857 vr.
1161 1793 1413 1879 insequentibus

408 1901 497 1964 viam
521 1898 737 1965 Lachmanno
761 1900 910 1976 munivit,
935 1898 968 1963 id
991 1899 1078 1983 quod
1101 1898 1199 1965 hodie
1222 1900 1295 1965 fere
1318 1901 1415 1986 igno-

409 2014 508 2085 rant;
536 2005 636 2072 edidit
659 2007 768 2070 enim:

570 2225 585 2259 «
608 2203 685 2262 Nam
705 2203 748 2260 mi
768 2203 925 2278 praevalet
945 2204 1003 2262 ista
1023 2202 1098 2261 nihil
1120 2210 1231 2262 tacere.

608 2300 670 2358 Cur
689 2316 766 2359 nuno
787 2307 848 2360 tam
870 2301 966 2360 latera
986 2301 1123 2362 exfututa
1143 2297 1254 2378 pandas
1345 2333 1347 2342 ν

606 2397 645 2457 Ni
666 2405 699 2456 tu
721 2400 790 2474 quid
811 2397 905 2458 facias
924 2397 1128 2476 ineptiarum?
1151 2420 1166 2455 »

502 2588 559 2653 ΙΙΙ.
569 2587 664 2652 Nunc
676 2589 774 2654 venio
787 2588 829 2652 ad
842 2588 1088 2653 emendationes
1101 2588 1307 2656 Lachmanni
1317 2599 1416 2676 atque

410 2695 558 2780 Hauptii,
577 2695 639 2759 hoc
657 2702 708 2760 est
724 2694 765 2759 ad
782 2696 957 2760 lectionem
981 2716 1066 2780 quae
1083 2697 1230 2761 omnium
1254 2699 1326 2763 fere
1343 2700 1414 2764 sus-

410 2803 528 2886 sragiis
552 2802 780 2868 commendata
802 2822 893 2868 nuno
917 2802 1117 2869 dominatur.
1144 2805 1289 2872 Versum
1310 2808 1416 2892 igitur

411 2909 453 2974 12
476 2909 574 2975 hodie
597 2911 747 2975 scribunt
771 2907 916 2975 editores
954 2909 1026 2975 iere
1051 2929 1176 2991 omneS,
1204 2913 1339 3000 Hauptii
1357 2934 1415 2979 no·

410 3018 499 3084 mine
522 3024 731 3095 exornatum,
758 3018 825 3082 ita:
1377 3011 1379 3016 '

568 3234 584 3267 «
606 3214 684 3274 Nam
706 3213 747 3272 nil
769 3221 871 3298 stupra
892 3215 984 3288 vaiet,
1005 3215 1081 3274 nihil
1101 3221 1212 3276 tacere.

450 3401 578 3467 Versus
603 3400 765 3465 decimum
781 3403 915 3466 tertium
937 3410 968 3469 et
986 3404 1146 3470 decimum
1163 3413 1317 3491 quartum
1332 3427 1410 3474 auo-

405 3510 543 3574 toritate
566 3509 771 3574 Lachmanni
795 3510 967 3576 scribunt:

572 3727 587 3762 s
610 3703 697 3764 Curi
718 3722 775 3763 non
796 3712 858 3764 tam
880 3706 977 3767 latera
999 3706 1132 3768 ecfututa
1151 3709 1263 3785 pandas

603 3802 657 3864 Nei
679 3809 711 3862 tu
737 3803 807 3879 quid
828 3801 920 3864 facias
940 3807 1130 3884 ineptiarum.
1152 3823 1166 3864 b

451 3990 639 4075 Perpauoos
653 3989 727 4056 illos
745 3991 899 4071 editores,
913 3995 968 4079 qui
980 3995 1077 4060 istam
1089 3994 1264 4059 lectionem
1281 4014 1348 4060 non
1361 4014 1415 4059 re·

411 4097 569 4188 ceperint,
586 4099 729 4182 pretium
745 4087 867 4190 operae
884 4121 950 4166 non
968 4109 1018 4168 est
1035 4102 1180 4178 referre,
1197 4102 1238 4166 ob
1257 4101 1290 4170 id
1306 4104 1415 4189 ipsum
