3046 5096
648 479 683 516 on
704 477 841 518 resumes
859 477 917 515 τιτι
935 475 992 515 urv1
1010 462 1127 525 21,1-2o
1317 461 1350 516 66

379 614 464 680 quae
488 608 610 656 revera
632 608 733 654 causa
756 590 865 652 extitit
885 588 1025 652 alterius
1047 588 1226 672 legationis
1256 589 1383 654 mitten-

379 703 458 778 dae,
494 719 568 765 eam
603 699 812 762 existimaret
846 696 970 781 prioris
1007 695 1133 760 fuisse.
1157 695 1229 768 Qua
1266 702 1383 762 statuta

379 808 554 884 sententia,
579 825 676 890 quam
700 805 900 890 probaturus
923 822 1015 867 nunc
1039 824 1121 880 sum,
1146 803 1230 870 illud
1247 801 1387 870 efficitur

380 917 415 980 in
438 915 548 979 causis
571 932 700 998 quoque
717 912 797 996 ipsis
813 911 1019 996 legationum
1043 910 1117 975 Pol.
1136 911 1279 996 vestigia
1303 912 1386 995 apud

378 1023 449 1087 Liv.
473 1027 565 1087 certa
589 1018 807 1105 deprehendi.

422 1130 542 1194 Restat
564 1135 600 1194 ut
624 1127 829 1212 explicemus
854 1127 911 1210 qni
937 1125 1061 1190 lactum
1085 1126 1129 1190 sit
1155 1133 1191 1191 ut
1218 1124 1331 1191 Livius
1354 1127 1387 1192 in

378 1239 525 1324 priorem
559 1236 655 1300 illum
690 1253 842 1298 errorem
872 1233 1059 1298 laberetur.
1098 1236 1191 1298 luter
1218 1234 1387 1300 Romanos

378 1344 513 1431 (quibus
538 1344 580 1408 de
603 1343 714 1408 causis
738 1349 854 1428 postea
881 1339 1019 1427 docebo)
1044 1341 1128 1406 nihil
1152 1344 1235 1406 certi
1260 1350 1389 1409 consta-

378 1452 435 1516 bat
459 1451 498 1515 de
517 1458 671 1535 tempore
701 1469 767 1532 quo
797 1448 983 1531 Saguntum
1016 1455 1238 1534 oppugnatum
1267 1456 1318 1515 est
1348 1450 1389 1515 ab
1433 1471 1440 1479 ’

378 1557 581 1624 Hannibale.
605 1557 843 1634 Quamobrem,
868 1554 994 1619 bellum
1020 1555 1209 1620 secundum
1225 1557 1403 1624 Punicum*

378 1687 479 1752 quum
503 1665 620 1730 initum
655 1663 773 1727 suisset
797 1681 889 1726 anno
927 1683 961 1727 ιι.
987 1682 1017 1727 c.
1042 1662 1231 1735 DXXXVl,
1258 1665 1387 1744 Livius,

378 1794 479 1859 quum
503 1774 574 1837 eius
598 1777 715 1846 auctor
741 1790 809 1834 non
833 1767 1024 1835 tradidisset
1038 1789 1103 1853 quo
1121 1776 1267 1856 tempore
1285 1772 1387 1857 legati

378 1881 637 1967 Saguntinorum
661 1878 803 1942 Romam
827 1877 1007 1952 venissent,
1032 1897 1207 1962 perperam
1232 1878 1301 1962 ipse
1332 1899 1388 1944 ar·

377 1989 521 2053 bitratus
556 1993 606 2051 est
642 2005 698 2051 eos
734 1985 868 2048 venisse
897 1984 1033 2048 ineunte
1073 2003 1162 2049 auno
1193 1985 1257 2049 hoo
1296 1987 1388 2070 ipso;

378 2095 477 2180 idque
501 2115 541 2160 eo
564 2093 701 2158 facilius
726 2093 911 2156 arbitratus
936 2095 998 2166 est,
1023 2090 1110 2175 quod
1141 2093 1176 2154 in
1209 2111 1303 2156 more
1325 2093 1392 2158 llo-

377 2222 554 2268 manorum
578 2200 664 2265 illud
686 2202 830 2285 positum
854 2203 937 2275 erat,
965 2205 1001 2262 ut
1025 2205 1218 2264 exterarum
1242 2205 1390 2287 gentium

377 2309 481 2393 legati
516 2310 550 2371 in
581 2308 738 2373 Senatum
774 2304 1066 2370 introducerentur
1117 2308 1257 2373 ineunte
1291 2329 1390 2388 anno,

377 2415 535 2480 nimirum
558 2419 727 2500 postquam
751 2414 831 2476 novi
862 2412 1017 2478 consules
1047 2410 1280 2500 blagistratum
1309 2419 1390 2482 inis-

380 2529 464 2588 sent.
498 2520 631 2586 Addidit
667 2521 780 2604 igitur,
818 2519 870 2608 (de
906 2540 965 2584 suo
1000 2527 1036 2584 ut
1070 2541 1130 2606 pro
1166 2529 1258 2589 certo
1296 2524 1390 2590 affir-

378 2650 470 2694 mare
494 2627 635 2715 audeo):
665 2628 833 2694 Conantes
856 2633 939 2693 tutuo
960 2627 1092 2694 Romae
1115 2638 1216 2696 eruut
1238 2632 1282 2698 P.
1314 2635 1392 2701 Gor·

377 2737 493 2802 uetius
516 2734 635 2818 Scipio
660 2740 694 2801 et
722 2735 777 2798 Ti.
803 2735 1034 2818 Sempronius
1058 2736 1201 2822 Louptts
1224 2735 1388 2829 (21‚o,3).

378 2844 426 2908 De
449 2863 520 2923 suo,
546 2841 642 2908 dico:
668 2849 770 2927 negat
794 2844 881 2906 enim
904 2843 1016 2927 paullo
1041 2851 1115 2928 post
1142 2843 1277 2932 (21‚15)
1302 2847 1392 2914 hanc

382 2953 486 3036 ipsam
523 2951 726 3016 notationem
762 2950 920 3036 temporis
954 2955 1047 3013 recte
1083 2971 1156 3014 sese
1191 2951 1331 3031 habere,
1359 2961 1392 3019 et

380 3066 492 3124 tamen
517 3059 683 3122 nemiuem
707 3063 743 3122 ut
767 3059 894 3127 erroris
918 3063 1087 3121 auctorem
1113 3058 1296 3145 redarguit.
1322 3063 1394 3128 Hoc

379 3171 490 3228 autem
514 3163 708 3249 praemisso,
734 3169 846 3229 cetera
871 3150 1052 3248 iam'plana
1077 3173 1189 3230 erunt.
1208 3167 1392 3253 Siquidem,

380 3271 627 3358 oppugnatione
651 3271 790 3356 Sagunti
814 3273 849 3334 in
875 3291 999 3335 annum
1016 3272 1196 3340 DXXXVI
1212 3294 1393 3360 perperam

379 3378 484 3456 illata,
511 3377 574 3441 sibi
598 3383 760 3442 constans
786 3378 902 3443 Livius
930 3380 1136 3444 existimavit
1172 3381 1299 3466 legatos
1334 3385 1396 3450 Sa-

378 3484 597 3570 guntinorum
621 3485 753 3549 venisse
787 3504 826 3550 eo
862 3487 934 3571 ipso
969 3505 1082 3562 anno,
1108 3487 1209 3564 item,
1245 3508 1284 3554 eo
1319 3489 1395 3574 ipso

378 3612 466 3658 anno
490 3593 683 3657 necessario
708 3593 842 3656 missam
868 3592 973 3657 fuisse
989 3599 1165 3678 utramque
1189 3595 1395 3682 legationem

377 3699 620 3764 Romanorum:
647 3699 682 3763 in
706 3697 933 3764 difficultatem
951 3720 1032 3764 vero
1049 3700 1166 3766 incidit
1179 3703 1297 3768 Livius
1314 3726 1397 3790 pro-

378 3812 494 3893 pterea
518 3804 604 3890 quod
627 3807 687 3871 rix
711 3827 751 3898 ac
774 3827 816 3870 ne
840 3808 897 3870 vix
914 3792 1044 3890 quidem
1062 3809 1161 3872 unius
1180 3811 1286 3894 spatio
1303 3817 1391 3879 anni

377 3913 559 3999 potuissent
593 3919 642 3978 tot
678 3933 732 3979 res
768 3912 861 3980 fieri:
887 3915 1044 3978 nimirum
1069 3914 1170 3999 legati
1203 3917 1390 4002 Saguntia.

379 4021 519 4085 Romam
543 4021 672 4097 venire,
697 4027 767 4086 tum
802 4023 930 4108 priores
963 4020 1069 4106 legati
1092 4024 1317 4090 Romanorum
1356 4029 1397 4096 in

378 4127 572 4217 Hispaniam
597 4132 629 4193 et
653 4129 688 4193 in
712 4129 863 4195 Africam
889 4131 939 4196 iro
961 4148 1146 4215 rursusque
1171 4132 1310 4198 Romam
1336 4155 1398 4203 re-
