3046 5096
540 427 577 466 nu
596 427 693 466 mvruu
713 411 755 466 23.
769 411 835 480 32,1
1126 412 1161 468 99

177 540 287 605 ullam
312 539 553 605 dubitationem
578 538 666 624 apud
690 558 750 604 uos
767 539 973 622 relinquant.
990 537 1198 630 Namqueea

180 668 269 733 quae
283 649 316 711 iu
329 647 394 712 hoc
407 667 543 731 genere,
558 648 621 712 hoc
634 652 686 711 est
702 648 736 710 in
753 646 912 712 militibus
931 647 1196 726 conscribendis,

181 755 330 823 Romani
346 756 380 818 in
397 774 523 818 annum
548 775 580 819 u.
603 775 631 820 c·
651 753 832 818 DXXXlX
856 762 1074 839 paraverunt,
1094 756 1200 820 babes

180 861 271 947 apud
288 862 416 928 Livium
436 861 576 939 23,?5‚5
593 881 685 946 seqq.
705 859 837 952 23,3t‚3
861 879 971 948 seqq.;
998 861 1199 940 assat-20.

180 969 338 1035 Efficitur
364 970 503 1034 existis
529 971 619 1035 Livii
650 969 745 1047 locis
770 989 853 1054 quos
884 990 962 1035 mox
998 970 1197 1049 adscribam,

181 1079 299 1143 nullos
325 1097 430 1142 novos
455 1077 578 1141 milites
596 1077 691 1142 initio
709 1076 809 1142 huius
828 1078 908 1141 anni
926 1076 1076 1143 decretos
1094 1078 1200 1143 fuisse

181 1191 322 1272 praeter
335 1185 472 1250 volones
486 1185 558 1262 bos,
574 1184 748 1269 dequibus
766 1185 906 1271 agimus,
926 1191 958 1248 et
973 1185 1090 1270 viginti
1108 1186 1200 1250 milia

182 1294 351 1360 sociorum
377 1313 462 1377 quae
479 1292 643 1358 darentur
662 1292 768 1358 eidem
787 1293 914 1358 consuli
932 1291 1128 1378 Sempronio
1146 1293 1201 1361 cul

181 1410 216 1468 et
240 1402 391 1466 volones.
419 1401 471 1465 En
495 1407 605 1466 autem
630 1402 720 1466 locos
745 1400 832 1466 Liuii
848 1413 861 1467 :¹

228 1509 365 1587 2:3,255
389 1530 483 1594 segg.
510 1536 526 1569 ‹<
553 1511 635 1574 Tum
659 1508 841 1575 Marcellus
870 1529 1005 1575 suarum
1031 1510 1200 1595 copiarum

183 1647 201 1680 <‹
229 1638 390 1684 summam
416 1619 578 1704 exposuit.
595 1617 680 1691 Quid
704 1618 738 1682 in
763 1617 885 1704 Apulia
898 1638 974 1684 cum
991 1618 1026 1684 C.
1043 1620 1202 1684 Terentio

183 1758 202 1790 ‹<
229 1729 364 1796 consule
389 1734 489 1806 esset,
516 1729 674 1814 aperitis
699 1731 889 1812 quaesitum
915 1736 978 1794 est.
1005 1729 1086 1803 Nec,
1114 1727 1201 1794 uode

183 1867 201 1898 ‹<
229 1838 428 1904 consulares
452 1837 620 1901 exercitus
646 1837 728 1900 satis
752 1834 839 1902 firmi
862 1835 903 1900 ad
929 1841 1056 1901 tantum
1073 1837 1199 1902 bellum

187 1973 204 2007 <‹
230 1946 454 2021 efficerentur,
481 1944 630 2009 inibatur
654 1944 754 2008 ratio.
774 1944 891 2027 Itaque
905 1941 1069 2027 ¹Galliam,
1091 1963 1203 2027 quam-

185 2081 202 2114 «
229 2073 328 2139 quam
353 2052 547 2118 stimulabat
571 2051 658 2116 iusta
684 2051 749 2127 ira,
776 2051 883 2116 omitti
901 2068 939 2115 eo
957 2070 1051 2115 anno
1066 2051 1202 2136 placuit.

186 2187 204 2222 ‹<
228 2161 407 2251 Exercitus
432 2158 603 2224 dictatoris
628 2159 759 2223 consuli
785 2157 940 2223 decretus
958 2164 1019 2222 est.
1036 2159 1084 2223 De
1102 2177 1202 2224 exer·

187 2297 204 2328 a
230 2271 299 2334 citu
323 2266 491 2341 Marcelli,
511 2267 567 2350 qui
592 2286 707 2332 eorum
726 2287 770 2332 ex
788 2266 869 2350 fuga
888 2267 1061 2334 Cannensi
1079 2273 1200 2344 essent,

184 2404 202 2437 ‹<
230 2379 263 2442 in
285 2377 436 2459 ¹Siciliam
462 2395 516 2440 eos
541 2374 671 2439 traduci
704 2382 802 2459 atque
836 2375 880 2439 ibi
913 2375 1072 2453 militare,
1097 2374 1203 2440 donec

187 2511 205 2546 «
231 2483 291 2572 (in)
316 2485 413 2549 ltalia
438 2484 564 2548 bellum
597 2489 697 2558 esset,
723 2482 859 2567 placuit.
887 2481 1011 2548 Eodem
1049 2503 1093 2548 ex
1124 2483 1203 2548 luni

185 2620 202 2652 «
231 2593 402 2659 dictatoris
426 2591 618 2676 legionibus
636 2591 718 2654 reici
737 2589 873 2653 militem
890 2590 1020 2654 minimi
1037 2610 1202 2674 quemque

190 2728 207 2761 «
231 2701 374 2777 roboris
389 2699 482 2762 nullo
497 2699 695 2784 praestituto
709 2696 849 2761 militiae
863 2703 1019 2783 tempore,
1035 2699 1100 2762 nisi
1117 2698 1203 2784 quod

188 2838 205 2870 «
232 2807 471 2895 stipendiorum
490 2806 717 2890 legitimorum
736 2812 835 2870 esset.
864 2805 953 2869 Duae
979 2806 1129 2892 legiones
1147 2827 1204 2870 ur·

188 2943 205 2976 «
232 2917 340 2982 banae
354 2915 452 2980 alteri
466 2913 610 2992 consuli,
627 2915 683 2998 qui
698 2912 855 2977 inlocum
870 2912 905 2977 L.
921 2912 1070 2978 Postumi
1085 2912 1206 2979 suffec-

186 3054 203 3086 <‹
232 3032 284 3090 tus
301 3031 398 3101 esset,
414 3022 570 3087 decretae
584 3029 670 3099 sunt,
686 3041 839 3105 eumque,
855 3041 927 3085 cum
943 3022 1085 3107 primurn
1100 3023 1204 3088 salvis

186 3161 202 3194 «
231 3133 388 3219 auspiciis
414 3137 533 3216 posset,
553 3131 665 3194 creari
682 3129 817 3215 placuit.
839 3130 1004 3215 Legiones
1028 3137 1205 3215 praeterea

187 3269 204 3303 «
230 3243 313 3307 duas
336 3242 442 3328 primo
467 3259 598 3325 quoque
622 3244 771 3324 tempore
789 3256 831 3302 ex
856 3238 967 3304 Sicilia
985 3233 1204 3328 acciril'atque

186 3375 202 3409 a
231 3350 308 3415 iude
346 3347 526 3423 consulem,
557 3347 611 3410 cui
648 3346 800 3430 legiones
824 3346 974 3412 urbanae
1000 3348 1203 3426 euenissent,

186 3485 202 3517 a
233 3457 375 3522 militum
401 3475 534 3521 sumere
559 3459 717 3540 quantum
750 3474 830 3539 opus
855 3460 953 3519 esset.
981 3454 1017 3520 C.
1046 3457 1205 3522 Terentio

189 3593 206 3627 ‹<
232 3565 364 3632 consuli
390 3565 569 3649 propagari
594 3564 628 3627 in
652 3582 777 3627 annum
802 3561 991 3647 imperium,
1025 3583 1132 3648 neque
1163 3562 1205 3630 de

187 3693 207 3736 c
232 3695 272 3739 eo
298 3675 461 3751 exercitu,
488 3691 585 3760 quem
610 3669 650 3736 ad
670 3669 873 3757 praesidium
892 3669 1035 3757 Apuliae
1052 3670 1204 3751 haberet,

192 3809 210 3841 «
235 3782 410 3868 quicquam
436 3781 553 3844 minui.
579 3803 597 3839 s

231 3888 363 3972 23,31‚3
389 3909 480 3974 seqq.
510 3913 527 3948 ‹<
551 3888 597 3952 De
624 3888 827 3953 exercitibus
853 3886 1147 3966 itadecreverunt,
1166 3895 1201 3953 ut
1271 3939 1274 3946 .

189 4023 207 4058 «
232 3996 362 4062 duabus
385 3995 573 4081 legionibus
597 3996 736 4060 urbanis
768 3996 816 4060 Ti.
846 3996 1063 4082 Sempronius
1090 3985 1206 4066 consul

188 4131 204 4163 a
235 4103 334 4172 Cales
360 4103 402 4172 ad
427 4102 691 4169 conveniendum
723 4102 807 4172 diem
841 4103 1005 4186 ediceret3
1033 4105 1111 4172 iude
1146 4127 1206 4177 eae
