3046 5096
379 467 417 504 nn
436 465 573 505 sonamus
590 465 649 504 τιτι
668 464 729 504 n1v1
746 450 790 517 21,
802 450 866 504 1-20
1058 449 1093 504 67

118 577 199 654 dire,
224 579 404 662 praeterea
435 574 539 660 legati
569 574 669 640 alteri
699 574 926 641 Romanorum
955 573 1130 660 Carthagi·

117 701 193 750 nem
208 679 376 768 proficisci
398 679 542 767 indeque
565 682 712 759 reverti,
736 680 879 766 deniqne
894 681 1037 746 Romani
1053 700 1128 745 cum

115 788 452 874 Carthaginiensibus
465 787 508 854 ad
519 787 673 855 Ticinum
685 794 785 872 atque
802 787 844 853 ad
861 787 1017 853 Trebiam
1034 785 1128 852 dimi·

112 915 199 962 care.
227 895 313 960 Huic
337 892 525 960 difficultati
547 899 584 960 ut
607 893 799 961 mederetur
822 895 940 961 Livius
968 893 1053 959 illud
1077 907 1128 965 est

112 1000 285 1078 adductae,
311 1007 349 1066 ut
371 999 526 1067 crederet
558 1001 707 1087 priorem
729 1002 958 1069 Romanorum
980 1001 1126 1087 legatio-

93 1121 188 1174 ¹nem
211 1107 380 1195 decretam
403 1104 541 1191 quidem
564 1107 682 1184 fuisse,
708 1126 776 1173 non
798 1127 881 1174 vero
901 1109 1048 1174 missam.

157 1215 307 1282 Curnam
330 1212 447 1279 deinde
471 1211 586 1278 Livius
610 1219 682 1299 post
705 1218 880 1279 narratam
904 1214 939 1278 in
963 1214 1070 1299 capite
1093 1214 1125 1292 6,

110 1320 194 1386 duce
216 1320 378 1386 historico
402 1317 543 1404 quodam
565 1319 747 1404 Polybium
781 1324 915 1397 secuto,
947 1324 1126 1403 utramque

110 1428 314 1514 legationem
336 1427 591 1501 Romanorum,
621 1426 763 1491 alteram
788 1423 898 1490 denuo
921 1424 1124 1512 legationem

110 1533 379 1600 commemorarit
392 1531 612 1610 21,18‚faeile
626 1533 1024 1618 perspicipotest.Postea
1037 1533 1123 1598 enim

110 1641 229 1707 Livius
253 1659 354 1724 quum
377 1637 464 1705 forte
488 1638 659 1704 incidisset
682 1638 717 1702 in
741 1641 880 1705 nomina
904 1641 1052 1727 quinque
1076 1641 1124 1705 le-

108 1753 277 1832 gatorum,
295 1766 376 1831 quos
393 1747 464 1832 ipse
479 1743 625 1812 nondum
641 1746 886 1825 nominaverat;
902 1766 1017 1812 eorum
1030 1765 1124 1811 men·
1186 1829 1189 1842 Δ

107 1855 234 1920 tionem
256 1852 347 1918 fecit.
366 1853 571 1939 Quamquam
586 1853 674 1916 iusto
691 1853 800 1916 serius
823 1851 916 1918 fecit:
934 1851 1013 1917 vide
1034 1855 1122 1918 enim

108 1964 144 2024 in
161 1978 255 2045 ⁸quae
272 1959 314 2023 sit
328 1959 457 2044 lapsus:
483 1957 646 2043 siquidem
669 1964 841 2044 postquam
863 1964 1000 2040 senatus
1018 1965 1051 2024 et
1066 1978 1124 2045 po·

106 2066 207 2152 pulus
232 2066 403 2131 Romanus
426 2064 553 2130 bellum
580 2071 698 2131 contra
732 2064 1031 2151 Carthaginienses
1056 2065 1119 2129 iam
1231 2055 1233 2062 ⁴

108 2173 354 2249 decrevissent,
378 2176 413 2235 et
436 2171 546 2256 copias
571 2171 727 2236 consules
759 2171 850 2258 inid
877 2171 1004 2237 bellum
1031 2172 1122 2236 inter

106 2299 144 2345 se
167 2278 370 2355 divisissent,
387 2277 475 2343 alter
506 2295 623 2343 eorum
647 2298 721 2345 curn
743 2279 931 2344 Hannibale
952 2280 987 2344 in
1002 2277 1121 2364 Hispa·

103 2388 163 2451 nia
186 2383 422 2461 conflicturus,
451 2384 542 2449 alter
563 2387 599 2449 in
623 2384 779 2450 Africam
801 2386 925 2463 iturus,
952 2383 999 2473 (1)
1025 2381 1116 2472 (Liv.

102 2490 217 2579 21,17)
242 2491 345 2578 legati
361 2493 461 2556 etiam
477 2497 546 2556 tum
563 2492 739 2557 mittuntur
755 2493 911 2577 quinque,
931 2493 1041 2558 acturi
1058 2493 1121 2558 sci·

103 2599 187 2665 licet
202 2618 277 2663 cum
293 2597 629 2684 Carthaginiensibus
641 2603 677 2662 ut
693 2598 818 2663 bellum
833 2599 1001 2664 vitaretur
1019 2605 1118 2683 atque

102 2725 171 2792 pax
194 2703 424 2771 firmareturli
450 2703 478 2767 Ε
501 2705 672 2770 contrario
696 2712 789 2770 recte
808 2707 945 2771 omnino
960 2705 1047 2792 apud
1064 2707 1121 2772 Zo-

102 2831 224 2878 naram
249 2810 351 2901 (VIII,
375 2809 432 2898 23)
457 2812 655 2896 provinciae
679 2811 872 2878 consulibus
896 2811 1120 2896 adsignantur

102 2923 179 3004 post
189 2918 314 2984 bellum
322 2916 520 3003 Carthagini
529 2916 660 2981 demum
673 2916 832 2982 indictum
843 2916 1119 3005 (V111,22)quem

101 3023 146 3088 ad
170 3023 302 3089 modum
325 3029 360 3089 et
381 3022 469 3108 apud
491 3022 628 3089 Dionem
652 3023 813 3101 Cassium,
837 3043 936 3110 quem
967 3026 1117 3089 Zonaras

101 3132 265 3216 sequitur,
289 3136 380 3196 certe
402 3129 562 3197 traditum
579 3129 651 3208 fuit,
676 3131 740 3196 etsi
756 3151 800 3195 ex
819 3131 1016 3218 fragmentis
1032 3131 1117 3196 nihil
1169 3155 1172 3162 ⁴

99 3239 171 3303 iam
194 3238 355 3323 colligere
378 3237 466 3304 licet.
502 3238 590 3303 Ante
628 3243 728 3324 caput
751 3238 793 3303 17
816 3237 901 3303 Livii
935 3239 1059 3326 igitur,
1089 3242 1118 3304 si

100 3344 256 3411 ordinem
290 3363 404 3409 rerum
441 3350 650 3430 spectemus,
686 3344 797 3410 locum
827 3345 979 3411 obtinere
1003 3344 1117 3412 debuit

98 3457 200 3537 caput
234 3450 288 3516 18.
311 3451 351 3515 In
374 3449 466 3516 aliud
490 3470 621 3538 quoque
653 3449 810 3517 mendum
845 3457 895 3517 est
917 3451 1031 3537 lapsus
1055 3452 1117 3517 Li-

98 3559 200 3623 vius:
227 3565 431 3624 narraturus
456 3559 546 3624 enirn
569 3559 772 3643 legationem
796 3558 937 3624 alteram
967 3558 1112 3625 Roman.

98 3665 232 3730 veritus
242 3669 291 3730 est
303 3683 439 3730 causam
453 3663 605 3731 mittendi
616 3666 752 3752 integre
764 3662 896 3743 afferre,
906 3685 950 3730 ne
959 3663 1114 3732 videlicet

135 3931 174 4003 (l)
195 3931 235 3985 De
253 3930 306 3986 hac
325 3948 355 3986 re
374 3933 518 4003 disputavi
536 3949 627 4003 nuper
644 3892 676 3987 in
694 3934 787 4005 capite
805 3934 895 4004 primo
908 3934 1113 3990 dissertationis

98 4019 146 4074 cui
165 4018 270 4074 titulus
292 4040 305 4071 a
324 4019 475 4078 Tentativo
495 4021 523 4077 di
542 4023 641 4078 critica
661 4022 706 4077 sui
724 4021 822 4091 luoghi
839 4022 977 4078 Liviani»
992 4025 1022 4078 in
1034 4025 1112 4079 Actis

97 4109 187 4164 Acad.
207 4108 385 4180 Lynceorum
407 4112 483 4166 1881.
