3046 5096
349 459 384 497 nn
405 455 543 498 uonriaus
561 456 620 496 mni
639 457 699 497 nivi
718 441 761 508 21,
778 442 840 498 1-20
1029 443 1065 497 79

96 577 238 656 tempore
263 571 474 655 exposuisset
496 589 560 635 nec
587 573 655 634 tam
679 570 776 656 plene
799 573 915 656 postea
940 569 979 635 de
1002 570 1100 636 bellis

91 676 289 742 Hannibalis
317 683 435 743 contra
467 675 607 742 Olcades
635 679 807 743 Vaccaeos
832 683 865 742 ot
893 677 1101 762 Carpetanos

90 782 236 850 dixisset.
267 784 412 850 Videtur
437 785 540 870 igitur
564 789 682 850 auctor
706 785 763 851 hic
788 783 1007 870 descripsisse
1030 783 1102 850 bel-

89 892 156 956 lum
189 892 346 979 punicum
382 891 587 971 secundum,
617 892 789 978 prooemio
825 892 1028 977 praemisso,
1064 893 1098 957 in

89 1019 153 1085 quo
179 997 218 1066 de
246 1000 348 1064 rebus
384 1001 423 1064 in
445 999 606 1087 Hispania
630 1018 649 1063 a
673 997 811 1076 ducibus
827 998 1094 1084 vCarthaginien·

89 1107 173 1170 sium
201 1107 305 1194 gestis
329 1107 478 1172 breviter
513 1108 634 1192 egerit,
669 1111 706 1173 ut
740 1106 862 1172 lectori
895 1105 1023 1171 scilicet
1046 1126 1099 1171 sa-

89 1212 282 1292 tisfaceret,
308 1215 364 1299 qui
400 1220 477 1279 ante
511 1235 568 1279 res
604 1234 664 1300 per
687 1213 811 1279 bellum
851 1215 960 1300 ipsum
991 1203 1101 1299 gestas

90 1339 193 1405 aequo
217 1321 291 1385 iure
315 1321 354 1387 de
380 1321 528 1387 consiliis
553 1327 585 1387 et
609 1322 741 1408 origine
764 1323 850 1386 tanti
874 1321 1098 1406 bellialiquid

91 1427 274 1514 significari
294 1429 463 1506 nolebat:
500 1448 614 1494 nonne
653 1449 708 1494 res
747 1428 828 1493 11139
866 1430 901 1493 in
937 1428 1099 1516 Hispania

92 1542 204 1618 gestae
232 1534 413 1602 secundum
446 1536 572 1602 bellum
607 1537 767 1624 punicum
802 1537 1016 1622 genuerunt?
1051 1535 1093 1601 Et

91 1662 212 1707 191913
238 1664 338 1728 quum
363 1645 397 1708 in
420 1645 582 1731 principio
608 1644 742 1710 decadis
776 1645 898 1710 tertiae
934 1644 1098 1722 Livianae

91 1748 165 1836 lego
190 1751 275 1816 ista:
303 1776 319 1812 ‹<
345 1752 384 1816 In
407 1759 501 1838 parte
526 1755 635 1838 operis
658 1753 722 1817 mei
747 1751 825 1817 11991
841 1751 923 1816 mihi
940 1751 1100 1839 91391311,

95 1883 111 1919 «
136 1859 229 1942 99991
254 1859 292 1926 iri
312 1860 496 1944 principio
519 1880 678 1926 99999999
701 1861 809 1927 totius
836 1860 1001 1944 professi
1019 1863 1102 1945 ple-

95 1968 236 2052 «rique
270 1972 352 2033 sarit
386 1986 505 2034 rerum
541 1969 755 2052 scriptores,
790 1967 915 2032 bellum
955 1968 1101 2058 maxime

93 2099 109 2131 «
137 2075 284 2139 omnium
308 2075 565 2140 memorabile»
601 2081 662 2140 etc.
699 2080 760 2139 919.
785 2073 891 2139 sentio
916 2072 1100 2159 significari

91 2182 288 2267 scriptorem
314 2202 381 2248 non
404 2202 518 2247 rerum
542 2183 774 2249 Romanarum
798 2180 954 2258 omnium,
972 2180 1029 2246 sed
1052 2200 1101 2246 se·

91 2287 191 2352 cundi
214 2288 294 2353 helli
317 2289 448 2355 Punici.

133 2397 203 2460 Iste
227 2402 336 2460 autem
361 2397 542 2475 Romanus,
567 2397 728 2464 historiae
764 2397 803 2462 de
838 2396 924 2463 bello
954 2395 1100 2461 secundo

88 2503 210 2587 punico
227 2503 370 2588 scriptae
388 2511 505 2570 auctor
521 2506 594 2592 quis
612 2505 717 2569 fuerit
741 2504 842 2570 facile
864 2511 913 2569 est
937 2505 1099 2568 inventu:

90 2631 179 2675 unus
192 2612 348 2689 omnium,
363 2618 521 2696 quantum
536 2614 669 2688 scimus,
682 2613 820 2698 reliquit
833 2610 919 2698 apud
933 2612 1101 2677 Romanos

88 2737 173 2804 opus
197 2720 288 2784 cuius
311 2725 545 2804 argumentum
576 2727 650 2785 erat
682 2719 809 2786 bellum
844 2719 1008 2784 Punicum
1042 2740 1114 2782 se-¹

89 2823 258 2902 cundum,
296 2827 339 2891 L.
364 2827 494 2891 Coelius
528 2826 726 2912 Antipater,
768 2827 936 2912 prooemio
972 2845 1102 2910 quoque
1166 2827 1169 2836 “

89 2934 276 3018 praemisso
300 2929 358 3021 (ct.
387 2935 506 3001 Cicero
540 2933 636 3000 Orat.
667 2933 815 3010 6923111
844 2933 965 3017 «quod
990 2953 1025 2998 sc
1057 2934 1098 2998 L.
1217 2931 1221 2939 '

89 3066 105 3098 a
133 3039 283 3106 0991193
299 3041 485 3125 Antipater
508 3043 545 3106 in
563 3042 749 3125 prooemio
782 3041 865 3107 delli
886 3041 1015 3124 999191
1037 3041 1103 3104 nisi

17 3209 18 3212 ,
89 3173 105 3208 ‹<
131 3149 330 3213 necessario
354 3149 520 3230 facturum
545 3154 656 3234 negat.
681 3173 697 3208 »
724 3147 761 3214 Id
786 3155 836 3213 est
860 3149 1103 3216 199991119111

83 3254 236 3339 999191;
274 3256 308 3319 in
341 3276 412 3320 una
445 3257 535 3321 enim
575 3257 679 3323 tertio
716 3255 841 3322 decade
873 3257 987 3324 Coelio
1023 3279 1104 3322 usus

87 3369 138 3427 est
165 3359 308 3449 Livius).
346 3363 529 3429 Praeterea
565 3384 668 3428 unum
705 3365 852 3428 omnium
887 3365 1032 3428 maxime
1066 3365 1103 3430 L.

86 3469 240 3537 Coelium
265 3467 480 3554 Antipatrum
505 3471 587 3536 citat
610 3455 746 3536 nomine
765 3470 880 3535 Livius
896 3490 956 3555 per
973 3490 1104 3535 omnem

86 3577 226 3642 tertiam
262 3575 444 3655 decadem,
482 3576 655 3665 (undecies
691 3579 810 3658 21,38.
844 3577 954 3655 21,16.
982 3577 1101 3654 21,47.

84 3683 202 3763 2231.
218 3679 308 3762 23,6.
328 3684 441 3763 adit,
461 3685 573 3762 atat.
590 3686 703 3763 asso.
721 3686 833 3765 2925.
852 3685 967 3762 2927.
987 3685 1098 3764 29,35.

84 3792 268 3859 Valerium
292 3791 462 3857 Antiatem
487 3795 602 3872 octies,
628 3794 732 3859 semel
765 3793 918 3870 Cincium
950 3793 1103 3859 Alimen-

84 3906 170 3972 tum,
196 3897 338 3962 Fabium
354 3901 536 3978 Pictorem,
556 3899 741 3978 Claudium,
761 3900 923 3992 Pisonem,
939 3898 1100 3980 Silenum,

85 4002 244 4074 Clodium
270 4006 432 4084 Licinum,
459 4008 644 4094 Polybium.
676 4007 781 4094 Saepe
813 4013 923 4071 autem
958 4008 1101 4074 eundem

85 4113 243 4184 Coelium
267 4113 410 4201 intelligi
435 4117 491 4182 ubi
515 4116 627 4182 Livius
651 4136 719 4182 non
745 4115 875 4182 adiecto
891 4116 1025 4182 nomine
1050 4116 1101 4181 hi·
