3164 5104
370 428 387 479 4
690 443 731 488 an.
751 441 900 481 carnutum
919 427 945 490 2,
957 425 1006 478 7·8

421 552 464 618 Il.
478 555 594 636 Itaque
612 554 754 638 primum
772 554 917 616 omnium
936 550 984 638 (ut
1001 551 1229 636 quaestionem
1248 553 1345 618 illam

334 659 519 743 relinquam
556 660 650 744 ecqui
684 679 802 724 versus
826 665 901 742 post
932 658 1094 722 decimum
1117 678 1253 724 versum
1278 679 1345 744 pe-

334 765 475 829 rierint:
502 765 581 828 olim
605 766 695 829 enim
719 765 754 828 iu
778 763 890 828 codice
914 763 1048 849 antiquo
1085 763 1139 829 Al.
1167 762 1344 830 Guarinus

334 876 366 934 et
389 871 531 935 Periius
555 870 642 955 apud
666 871 916 936 Lachmannum
945 872 1088 954 spatium
1112 869 1342 954 deprehende·

332 983 412 1041 runt
449 997 593 1042 vacuum
627 985 701 1063 post
724 997 857 1042 versum
882 976 1071 1064 decimum),
1097 978 1274 1060 quaeritur
1297 997 1342 1042 an

333 1102 407 1147 cum
443 1083 557 1148 decem
591 1084 760 1168 prioribus
796 1083 950 1148 versibus
987 1090 1056 1149 tres
1092 1085 1250 1168 postremi
1274 1067 1355 1148 sint

222 1241 228 1256 ,
249 1227 254 1236 ·
333 1189 557 1274 coniungendi
573 1211 743 1276 unumque
759 1211 896 1256 carmen
914 1190 1070 1256 efficiant.
1095 1191 1233 1258 Codices
1252 1192 1342 1257 enim

333 1295 393 1360 hos
417 1316 536 1362 versus
560 1297 622 1362 hoo
646 1296 741 1362 modo
766 1299 909 1384 scriptos
933 1299 1117 1383 praebent:

376 1511 391 1551 c
412 1493 531 1556 Passer.
543 1492 667 1552 deliciae
688 1511 773 1551 meae
788 1492 958 1568 puellae-
971 1494 1098 1566 Quicum
1112 1495 1227 1570 ludere,
1252 1515 1341 1571 quem

331 1574 448 1650 in‘sInu
468 1597 571 1649 tenere
592 1621 632 1634 -
652 1591 727 1657 Quoi
747 1593 877 1667 primum
892 1592 1018 1668 digitum
1040 1594 1112 1652 dare
1135 1594 1287 1670 adpetenti
1301 1626 1341 1639 -

332 1688 373 1747 Et
387 1688 463 1746 aeris
478 1688 554 1746 solet
574 1687 698 1747 incitare
714 1705 831 1774 morsus
845 1672 885 1732 ’-
899 1689 1140 1749 Gum‘desiderio
1155 1709 1222 1748 meo
1233 1690 1341 1750 nitenti

331 1787 496 1844 -Carum
510 1784 683 1860 nescioquid
697 1785 770 1844 libet
784 1786 880 1843 iocari
900 1818 938 1830 -
959 1786 999 1846 Et
1020 1787 1195 1845 solaciolum
1222 1788 1269 1846 sui
1289 1791 1345 1847 do·

331 1883 405 1942 loris
426 1882 583 1943 -Credo
611 1902 678 1942 cum
705 1883 808 1960 gravis
836 1884 1006 1959 acquiescat
1032 1887 1133 1944 ardor.
1163 1871 1205 1932 -ἐ
1230 1886 1343 1948 Tecum

331 1981 438 2040 ludera
459 1981 619 2058 sicutipse
640 1999 758 2058 possem
779 1981 818 2040 Et
839 1981 932 2040 tristis
954 1981 1045 2040 animi
1066 1981 1169 2040 levare
1191 1999 1278 2041 curas
1301 2014 1342 2027 -

333 2123 786 2141 ..........
808 2111 845 2124 -—
874 2080 950 2137 Tam
978 2086 1129 2155 gratumst
1153 2080 1227 2138 mibi
1252 2100 1341 2158 quarn

331 2175 434 2237 ferunt
454 2177 583 2254 puellae.
599 2211 636 2221 -
658 2177 777 2236 Pernici
791 2178 948 2236 aureolum
961 2177 1052 2237 fuisse
1067 2178 1181 2236 malum
1202 2181 1342 2250 -Quod

331 2293 436 2333 zonam
457 2274 549 2334 soluit
562 2275 612 2333 diu
633 2274 771 2350 ligatam.
796 2296 812 2329 »
1096 2281 1097 2290 ¹

375 2464 509 2529 Utinam
534 2461 659 2547 aliquid
694 2462 734 2527 de
769 2463 877 2528 tribus
911 2463 965 2527 his
992 2464 1153 2556 potremis
1183 2465 1344 2530 versibus

331 2569 543 2653 exploratum
578 2567 760 2634 haberem!
798 2569 926 2634 Horum
962 2570 1165 2634 mentionem
1189 2569 1274 2635 facit
1297 2591 1341 2635 ex

329 2655 504 2742 veteribus
528 2675 726 2741 Priscianus
752 2674 830 2762 (546
854 2676 893 2741 Ρ.
913 2675 992 2753 1,16
1017 2675 1068 2740 ed.
1094 2677 1183 2763 Keil)
1212 2678 1342 2744 «Simi-

333 2784 486 2848 «liter»
525 2784 571 2847 ait
608 2807 625 2844 ‹<
657 2782 808 2848 Catullus
839 2783 1060 2868 Veronensis*
1082 2784 1177 2868 quod
1217 2803 1341 2850 aonam

333 2889 475 2955 «soluit
503 2891 651 2974 tapetum
685 2891 772 2954 inter
807 2888 1108 2974 hendecasyllabos
1144 2890 1339 2975 phalaecios

333 3023 349 3058 ‹<
365 2997 484 3081 posuit,
512 3015 592 3081 ergo
609 2997 672 3061 nisi
688 2995 787 3060 soluit
802 2995 1016 3081 trisyllabum
1040 2995 1198 3079 accipias,
1216 3015 1338 3061 versus

332 3128 349 3163 ‹<
366 3108 458 3167 stare
481 3120 546 3167 non
573 3103 687 3187 possit.
715 3127 733 3161 »
758 3100 821 3166 Sed
856 3103 1023 3168 Prisciani
1058 3101 1164 3167 verba
1186 3103 1272 3167 nihil
1297 3101 1343 3168 ad

329 3238 400 3282 rem
425 3215 483 3304 (1).
510 3218 625 3302 Itaque
650 3219 867 3294 recentiores
892 3236 992 3302 quum
1015 3216 1145 3282 vellent
1168 3203 1237 3282 tres
1261 3237 1339 3281 ver·

330 3325 453 3390 siculos
477 3325 513 3388 in
530 3323 642 3390 sedem
657 3342 752 3389 suam
767 3341 945 3410 reponere,
963 3322 1021 3388 alii
1037 3321 1130 3388 aliud
1146 3331 1343 3402 senserunt,

365 3609 403 3678 (l)
423 3607 552 3662 Ceterum
571 3608 741 3664 mentionem
760 3606 893 3663 carminis
913 3607 1023 3662 iaciunt
1042 3608 1115 3678 apud
1135 3611 1243 3662 veteres
1268 3606 1338 3661 Atii.

327 3697 547 3751 Fortunatianus
566 3697 617 3752 318
637 3697 677 3751 G:
706 3701 773 3750 «ut
790 3697 863 3766 apud
883 3695 1027 3752 Catullum
1045 3695 1299 3766 hendecasyllabus
1319 3713 1336 3750 a

328 3786 448 3857 spondeo
472 3786 748 3858 «Passer-puellae.
769 3785 844 3840 Idem
864 3789 962 3840 auctor
980 3785 1051 3840 2698
1072 3786 1102 3840 P.
1123 3784 1175 3838 350
1190 3785 1221 3838 G.
1240 3783 1341 3839 «Ecce

327 3880 356 3929 et
374 3873 570 3945 phalaecium3
590 3881 697 3946 partem
715 3875 835 3944 primam
855 3875 888 3929 de
907 3875 1061 3944 antispasto
1079 3873 1165 3928 habet
1178 3878 1210 3927 ut
1222 3873 1341 3926 Passer·

321 3965 482 4034 patellae.»
502 3963 669 4019 Censorinus
687 3965 721 4019 de
740 3963 838 4020 Matris
856 3963 927 4018 2727
949 3964 991 4028 P.‚
1004 3964 1040 4017 27
1061 3963 1149 4029 laba,
1164 3961 1342 4035 'Phalaecius

326 4053 576 4124 Passer-puellae.
