3164 5104
382 967 465 1047 uo
497 968 865 1051 carutium
901 962 1013 1068 2‚7-s

297 2117 323 2180 Ι.
348 2111 533 2180 Viri·dooti
558 2112 725 2196 permulti,
755 2113 815 2176 toti
843 2131 943 2195 quum
974 2118 1007 2175 et
1035 2111 1164 2178 fuerint
1190 2122 1223 2177 et

199 2225 277 2290 siut
289 2223 323 2286 in
338 2221 466 2286 duobus
483 2219 556 2284 istis
573 2218 729 2284 versibus
748 2218 874 2286 Catulli
892 2218 1108 2284 emendandis
1121 2227 1222 2304 atque

202 2331 251 2396 ad
284 2330 459 2416 pristinam
494 2325 637 2391 formam
673 2326 966 2410 integritatemque
1007 2325 1220 2411 redigendis,

202 2439 323 2504 nescio
348 2420 389 2500 an
412 2433 616 2498 medicorum
640 2432 715 2497 vice
743 2433 810 2496 sint
840 2432 963 2509 functi,
990 2433 1045 2518 qui
1075 2432 1224 2499 fomenta

204 2553 241 2611 et
255 2543 473 2610 medicamina
490 2540 594 2606 omnis
610 2540 745 2626 generis
758 2539 937 2604 adhibeant
951 2539 1105 2605 sanando
1123 2552 1226 2606 mem-

203 2656 271 2719 bro
295 2648 460 2726 morboso,
486 2646 572 2731 quod
595 2651 707 2711 tamen
732 2665 797 2710 non
822 2648 865 2710 sit
887 2646 1043 2712 remediis
1058 2653 1226 2732 temptan-

207 2761 299 2835 dum,
316 2756 374 2822 sed
391 2755 485 2821 ferro
503 2752 732 2820 recidendum.
752 2752 819 2818 Nos
842 2773 933 2829 vem,
960 2757 1133 2840 suspicati,
1164 2756 1221 2841 qui

206 2865 373 2931 versiculi
403 2863 512 2948 prima
546 2862 657 2926 statim
684 2859 794 2925 fronte
829 2861 1028 2926 emendandi
1062 2861 1224 2927 videntur

208 2994 257 3039 ne
283 2973 306 3037 ii
330 2973 397 3036 sint
420 2969 532 3054 potius
553 2967 734 3052 ablegandi
767 2973 800 3031 et
827 2969 960 3051 penitus
986 2969 1151 3047 eiiciendi,
1177 2970 1228 3034 al·

207 3083 278 3146 tius
302 3095 467 3162 quaerere
495 3075 536 3140 de
552 3095 590 3140 re
608 3075 822 3150 instituimus,
852 3083 888 3139 ut
916 3074 1160 3141 dissereremus
1185 3049 1227 3141 de

207 3189 334 3252 horum
358 3203 517 3250 versuum
541 3183 607 3247 iam
622 3197 692 3248 ‘non
710 3184 911 3268 e'ntepritote
928 3183 987 3248 sed
1003 3185 1223 3251 sinceritate.

207 3295 282 3359 Nec
305 3298 427 3368 tamen,
453 3290 515 3354 etsi
538 3288 586 3354 ita
601 3289 711 3367 nobis,
730 3309 828 3375 quam
850 3289 1053 3376 dataopera
1077 3297 1227 3375 pertrac-

206 3410 332 3477 temus,
350 3417 471 3463 novam
487 3395 577 3460 hano
593 3397 822 3479 quaestionem
838 3398 1082 3484 proposuimus,
1102 3399 1225 3462 missas

209 3509 349 3573 omnino
379 3524 436 3570 eas
469 3504 681 3589 quaestiones
712 3503 875 3569 faciemus
906 3524 991 3591 quae
1017 3505 1082 3567 iam
1107 3503 1185 3569 inde
1206 3510 1241 3568 a'

209 3617 343 3680 renatis
366 3613 490 3676 litteris
514 3611 650 3676 criticos
673 3617 832 3695 torquere
856 3615 1118 3687 consueverunt,
1136 3630 1227 3694 qua-

209 3742 287 3788 rum
312 3721 516 3806 potissimum
541 3723 619 3798 sunt
642 3717 740 3799 duae,
770 3739 839 3802 una
871 3718 910 3784 de
942 3723 1115 3783 structura
1145 3737 1229 3783 car·

210 3828 327 3906 minis,
345 3828 407 3892 hoc
432 3833 483 3892 est
506 3827 546 3891 de
569 3844 708 3890 numero
731 3845 902 3901 versuum,
927 3824 1036 3888 altera
1060 3820 1101 3889 de
1125 3844 1228 3889 sensu

208 3935 317 4000 totius
335 3933 504 4011 carminis,
531 3933 639 3999 acturi
655 3933 696 3997 de
712 3934 865 3998 omnibus
882 3933 949 3996 huc
965 3932 1226 4016 pertinentibus,

210 4043 368 4108 breviter
392 4040 532 4116 scilicet,
559 4039 616 4105 sed
640 4041 747 4105 acturi
772 4037 896 4105 tamen.
