3164 5104
31 695 33 804 l

480 541 517 578 an
536 538 690 580 carULLUM
709 526 736 588 2,
748 525 794 578 7·8
887 591 892 598 Ι
1080 527 1111 579 15
1207 547 1208 554 ¹

129 675 269 725 necesse
293 659 391 718 esset.
410 654 504 716 Tunc
528 653 701 716 enimvero
724 657 821 734 poeta
845 669 926 716 vere
942 669 1061 715 amans
1086 653 1150 716 mi·

131 785 207 832 sere
232 761 442 828 exanimatus
467 757 632 822 maestitia
656 756 785 840 ingenti
800 754 1008 822 afficiebatur
1026 758 1162 824 obrue-¹

130 873 306 954 baturque,
324 883 489 950 quumque
511 864 622 928 omnia
645 882 731 948 quae
746 855 833 948 apud
849 864 1006 930 Lesbiam
1023 869 1148 941 essent,

131 978 267 1063 penitus
301 971 411 1039 infixa·
441 972 563 1046 animo,
598 971 633 1035 ei
666 971 758 1057 quasi
786 971 827 1037 ob
852 971 965 1036 oculos
990 971 1149 1037 obversa-

132 1088 264 1159 rentur,
289 1077 502 1166 passerculus
526 1079 722 1163 praesertim
746 1098 843 1162 quern
867 1079 938 1163 ipsa
961 1079 994 1144 in
1019 1077 1148 1144 deliciis

132 1182 287 1265 habebat,
311 1188 402 1252 bunc
426 1185 506 1251 olim
530 1184 759 1270 passerculum
782 1187 935 1270 quamvis
975 1184 1150 1251 absentem

132 1297 299 1362 allocutus
335 1299 384 1358 est
418 1293 569 1357 versibus
600 1289 793 1358 dulcissima
824 1291 959 1360 refertis
984 1294 1149 1370 amaritia,

132 1404 325 1489 suspirans:
355 1424 373 1460 a
396 1401 525 1465 utinam
541 1418 603 1484 ego
631 1399 752 1483 possim
780 1397 897 1464 ludere
921 1404 1029 1464 tecum
1054 1418 1151 1485 quem

134 1510 174 1575 ad
210 1506 345 1574 modurn
380 1525 453 1572 mea
488 1504 606 1570 Lesbia
640 1505 741 1572 facit!
772 1526 809 1570 »ε
847 1505 927 1572 scite
962 1512 1149 1594 arguteque

133 1615 270 1694 dictum,
297 1633 397 1700 quum
420 1614 505 1680 haec
529 1613 633 1714 yerba
657 1611 771 1677 eodem
796 1611 949 1678 recidant
971 1633 1035 1698 quo
1061 1614 1149 1679 ista:

137 1747 154 1782 «
183 1723 315 1788 utinam
347 1740 409 1807 ego
440 1720 562 1806 possim
594 1719 746 1786 Lesbiam
775 1719 864 1786 domi
896 1719 1101 1802 convenire!
1130 1745 1147 1781 »

134 1829 286 1916 Namque
320 1829 438 1894 leuare
473 1829 592 1894 tristes
627 1845 734 1892 curas
768 1827 881 1894 animi
920 1847 999 1893 num
1034 1825 1156 1894 oenses'

138 1935 212 2001 lore
238 1943 274 2000 ut
297 1934 452 2002 Catullus
476 1939 587 2020 posset
611 1934 640 1998 si
666 1953 740 1998 cum
775 1953 908 2019 passere
942 1935 1087 2011 luderet,
1113 1954 1152 1999 ac

136 2062 202 2107 non
228 2043 337 2128 potius
353 2042 382 2106 si
396 2061 464 2106 una
480 2061 555 2106 curn
572 2039 690 2106 Lesbia
708 2039 819 2105 esset?
842 2041 912 2106 Nae
936 2024 1154 2106 vehementer

140 2167 287 2214 errares.
305 2149 430 2215 Verbis
453 2147 632 2232 exoptabat
654 2152 754 2234 poeta
777 2146 893 2212 videre
917 2167 1100 2232 passerem,
1117 2166 1155 2211 re

139 2262 252 2320 autem
275 2255 439 2321 Lesbiam.
465 2253 644 2320 Praeclare
669 2255 773 2339 igitur
798 2261 830 2319 et
853 2254 993 2338 poetice.

179 2362 275 2436 Quod
310 2363 339 2428 si
374 2381 508 2426 sensum
545 2361 701 2427 carminis
732 2366 823 2425 recte
848 2360 1045 2444 enucleavi,
1079 2362 1152 2425 iure

136 2475 293 2535 octavum
316 2489 452 2533 versum
475 2487 573 2554 supra
597 2467 778 2550 exagitavi.
805 2465 971 2551 Siquidem
985 2473 1080 2553 poeta
1095 2487 1156 2533 so-

138 2576 250 2642 lamen
273 2577 398 2641 amoris
423 2577 457 2638 in
474 2575 684 2640 sermonibus
701 2573 841 2658 iocoque
857 2593 931 2638 cum
949 2574 1072 2639 Lesbia
1088 2573 1152 2638 sibi

137 2682 294 2768 fingebat3
311 2683 422 2768 itaque
435 2678 552 2766 oppido
565 2680 692 2745 absone
707 2679 827 2744 Lesbia
843 2679 1013 2745 diceretur
1030 2679 1155 2746 solacia

138 2789 261 2854 inluso
278 2808 353 2854 cum
376 2807 514 2874 passere
532 2785 594 2849 sibi
610 2804 744 2873 parare;
760 2785 847 2870 quod
863 2805 1009 2870 quanam
1025 2786 1155 2851 ratione

137 2896 209 2961 fieri
229 2895 344 2982 potuit,
363 2897 390 2958 si
406 2895 573 2961 Catullum
591 2895 712 2978 etipsa
728 2893 870 2957 invicem
887 2892 1034 2957 amabatl
1051 2892 1158 2956 Prae·

138 3009 247 3082 terea,
266 3021 367 3066 seusu
380 3001 451 3077 illo,
467 3020 564 3084 quem
581 2998 660 3080 dixi,
678 2999 828 3084 probato,
842 2995 928 3062 bene
945 2997 1157 3082 respondebit

137 3129 260 3174 versus
284 3109 442 3194 septimus
465 3106 507 3171 ad
532 3125 649 3171 versus
674 3111 858 3190 postremos
875 3103 1035 3167 carminis
1059 3103 1153 3168 istos:

342 3289 357 3324 u
381 3268 500 3346 Tecum·
516 3267 622 3324 ludere
644 3266 722 3323 sicut
742 3265 807 3340 ipsa
827 3279 945 3339 possem

378 3365 418 3424 Et
438 3363 543 3422 tristes
564 3362 654 3422 animi
675 3362 778 3421 levare
798 3360 903 3420 curas!
929 3382 944 3415 »

182 3517 277 3582 Tunc
302 3516 392 3581 enim
413 3520 509 3602 poeta
534 3514 644 3580 dicat:
670 3513 798 3577 utinam
823 3531 954 3597 possem
978 3529 1041 3595 ego
1059 3510 1160 3595 depo·

140 3644 223 3690 nere
248 3624 362 3688 tristes
386 3642 483 3687 curas
508 3621 620 3697 animi,
646 3640 742 3704 quem
769 3617 811 3682 ad
836 3617 967 3684 modum
984 3616 1104 3681 Lesbia
1122 3637 1159 3680 se

141 3730 286 3795 solatur.

184 3836 280 3901 Haec
313 3838 404 3902 inter
440 3857 475 3900 se
512 3835 546 3899 in
583 3834 698 3900 eodem
734 3834 883 3898 carmine
919 3829 1159 3916 respondentia

141 3944 277 4028 propria
296 3950 374 4008 sunt
397 3963 472 4008 cum
488 3942 607 4008 horum
625 3941 790 4006 leviorum
807 3938 1069 4022 breviorumque
1086 3957 1162 4003 car-

141 4051 282 4127 minum,
310 4056 376 4114 lum
400 4050 543 4115 maxime
568 4047 849 4123 Catullianorum,
864 4044 951 4129 quod
969 4045 1003 4108 in
1021 4064 1093 4130 cap.
1111 4065 1160 4110 se-

142 4159 258 4241 quenti
282 4154 393 4221 dedita
417 4175 520 4242 opera
544 4172 797 4242 persequemur.
