3046 5096
385 411 426 470 nr'
440 431 576 472 dondinus
595 430 731 492 rrrrnrvr
749 413 792 480 21,
806 415 870 469 1·2o
1060 417 1095 470 59

110 563 175 630 pro
199 537 313 607 tribus
326 537 472 607 millibus
497 537 651 609 ducentis
679 541 827 618 talentis,
843 545 889 604 'ut
912 558 1020 628 nuper
1041 545 1129 628 pacti

4 671 5 676 ¹
112 651 263 727 lucrant,
282 645 367 736 (Pol.
386 648 523 728 3375),
549 655 709 733 quattuor
747 646 839 712 milia
875 648 1131 734 imposuerunt.

114 757 259 822 Easdem
282 756 385 840 igitur
408 756 489 821 belli
513 775 644 834 causas,
669 758 697 821 si
713 757 886 841 utriusque
904 756 1008 820 verba
1027 749 1152 842 probe'

116 865 287 942 conferas,
312 863 442 930 videbis
468 863 556 949 apud
578 864 755 949 Polybium
772 867 871 948 atque
896 862 980 949 apud
996 865 1129 928 Livium

116 970 247 1038 afferri.
266 972 354 1044 Quin
370 970 469 1036 immo
489 977 602 1036 tantus
619 977 669 1035 est
685 970 757 1036 Pol.
774 971 808 1034 in
826 971 947 1034 ceteris
963 969 1132 1036 historicis

116 1077 376 1164 redarguendis,
395 1083 433 1142 ut
448 1078 529 1142 mihi
546 1077 700 1144 videatur
724 1079 792 1162 ipse
809 1078 936 1161 primus
953 1078 1131 1163 cogitando

115 1187 305 1271 repperisse
320 1185 421 1252 hasce
441 1204 562 1252 causas
579 1205 663 1268 quas
680 1183 778 1250 affert
792 1182 897 1249 belli:
925 1185 1012 1270 quod
1036 1187 1065 1250 si
1084 1188 1129 1252 ita

115 1298 169 1358 est
186 1293 251 1357 iam
264 1292 335 1357 Pol.
352 1293 497 1376 vestigia
515 1291 602 1377 apud
620 1291 694 1356 Liu.
714 1292 900 1358 certissima
918 1298 1011 1370 sunt;
1030 1275 1130 1378 quum

115 1399 316 1485 praesertim
331 1398 417 1484 apud
431 1399 611 1484 scriptores
627 1391 811 1475 Romanos,
830 1400 888 1481 qui
901 1398 1132 1483 utplurimum

114 1507 259 1572 Fabium
271 1507 441 1576 'Pictorem
457 1512 553 1572 certe
570 1511 648 1570 sunt
662 1507 777 1583 secuti,
792 1504 879 1592 (eum
892 1511 1003 1572 autem
1020 1507 1131 1573 redar-

115 1618 191 1702 guit
205 1613 277 1679 Pol.
297 1612 381 1700 3,8),
397 1613 552 1678 diversae
570 1633 691 1679 causae
710 1615 897 1680 necessario
914 1613 1037 1678 allatae
1054 1617 1132 1681 sint.

205 1721 266 1784 Xl.
289 1720 360 1785 Liv.
385 1719 475 1797 212.
503 1719 604 1786 Gesta
630 1721 833 1788 Hamilcaris
849 1727 881 1785 et
896 1719 1130 1801 Hasdrubalis

116 1829 261 1896 alterius
292 1833 366 1914 post
400 1827 543 1892 alterum
579 1827 670 1892 ducis
703 1829 738 1892 in
768 1828 926 1913 Hispania
956 1829 1135 1915 Carthagi·

117 1937 296 2012 niensium,
323 1936 387 2001 hoc
411 1937 518 2020 capite
551 1936 776 2000 continentur.
803 1934 952 2018 Namque
984 1936 1134 2003 Cartha·-

117 2045 302 2130 ginienses,
321 2050 396 2128 post
418 2044 559 2125 primum
576 2042 739 2107 Punicum
755 2041 891 2117 bellum,
911 2040 1132 2107 decreverant

116 2151 317 2237 Hispaniam
342 2148 508 2234 subigere,
533 2150 684 2235 paraturi
713 2149 842 2214 scilicet
866 2168 939 2214 sese
970 2148 1011 2213 ad
1042 2149 1132 2214 aliud

4 2272 5 2277 ’
117 2277 196 2324 oum
217 2257 380 2322 Romanis
403 2256 540 2320 bellum.
569 2256 660 2330 Quae
691 2255 748 2322 hic
778 2275 909 2341 quoque
941 2257 1028 2321 inter
1061 2257 1132 2321 Pol.

116 2373 154 2432 et
175 2365 248 2431 Liv.
275 2363 459 2430 intercedat
482 2365 579 2441 ratio,
603 2364 717 2450 paucis
747 2363 859 2428 verbis
885 2362 1033 2428 arbitror
1057 2363 1131 2430 luc'e

115 2474 246 2540 clarius
272 2471 493 2539 demonstrari
516 2491 624 2557 posse.
652 2471 773 2536 Fusius
808 2471 965 2534 nimirum
1002 2476 1134 2536 veteres

116 2581 275 2647 historici
298 2600 353 2645 res
378 2579 581 2645 Hamilcaris
610 2585 642 2644 et
669 2577 887 2642 Hasdrubalis
913 2578 947 2641 in
971 2578 1131 2663 Hispania

115 2688 288 2774 persecuti
305 2693 393 2763 sunt,
419 2693 455 2751 ut
483 2683 645 2770 hodieque
670 2689 801 2750 constat
817 2704 861 2749 ex
877 2684 918 2748 iis
935 2702 1018 2767 quae
1035 2685 1133 2750 etiam

1 2817 2 2820 ¹
116 2815 211 2861 nunc
241 2793 328 2879 apud
363 2791 555 2888 Diodorum,
581 2798 617 2856 ut
639 2812 718 2857 mox
742 2790 878 2870 docebo,
904 2791 1074 2877 leguntur.
1100 2793 1128 2856 Ε

117 2902 291 2968 contrario
314 2920 478 2986 perpauca
496 2899 535 2966 de
552 2897 669 2964 iisdem
686 2900 785 2963 rebus
801 2896 938 2963 tradidit
954 2899 1128 2984 Polybius:

117 3009 227 3094 (3,1,6
252 3028 342 3094 seqq.
367 3013 403 3072 ut
425 3007 598 3080 Hamilcar
621 3007 726 3071 multa
750 3007 785 3069 in
808 3005 969 3090 Hispania
985 3007 1129 3090 gesserit

119 3117 321 3200 fortiterque
346 3115 448 3179 vitam
473 3115 632 3178 amiserit.
652 3112 729 3190 213
760 3111 1033 3199 quemadmodum
1063 3111 1131 3178 Ha-

118 3223 258 3290 sdrubal
271 3222 374 3288 multa
387 3221 500 3286 itidem
514 3222 659 3307 gesserit
676 3221 731 3297 ibi,
746 3219 1053 3307 carthaginemque
1071 3220 1133 3284 No·

1 3357 2 3368 ¹
118 3351 199 3396 vam
224 3329 418 3408 condiderit,
444 3329 626 3414 foedusque
647 3347 720 3394 cum
737 3327 899 3392 Romanis
924 3328 1035 3393 icerit.
1056 3326 1148 3405 aad

119 3437 395 3525 quemadmodum
419 3437 611 3504 Hasdrubal
643 3457 663 3502 a
695 3433 791 3501 Gallo
816 3434 975 3520 quodam,
999 3435 1131 3520 privato

118 3545 265 3624 homine,
283 3545 387 3610 fuerit
399 3542 628 3631 interfectus).
646 3542 764 3609 Itidem
780 3535 947 3629 perpauca
960 3540 1062 3606 tradit
1076 3541 1132 3604 Li-

119 3656 198 3718 uius
215 3652 255 3718 de
272 3653 390 3718 iisdem
413 3652 524 3718 rebus.
540 3649 603 3719 Sed
620 3671 687 3717 non
704 3650 799 3716 modo
813 3668 988 3736 perpauca,
1001 3667 1129 3726 verum,

121 3760 156 3824 id
172 3760 258 3846 quod
281 3761 347 3826 huc
371 3762 493 3847 optime
518 3761 612 3838 facit,
632 3760 753 3825 eudem
770 3758 859 3823 fare.
878 3756 1004 3822 Eadem
1020 3762 1132 3821 autem

122 3868 208 3952 apud
231 3869 363 3935 Liuium
386 3874 484 3954 atque
508 3866 595 3954 apud
618 3866 791 3951 Polybium
815 3872 933 3930 extare
963 3864 1023 3930 tibi
1051 3883 1135 3948 per-

124 3973 275 4040 suadebis
298 3975 471 4040 dummodo
496 3975 654 4040 conteras
679 3973 787 4039 locum
812 3973 899 4038 Livii
922 3992 1023 4058 supra
1050 3972 1135 4036 alla-

123 4089 192 4146 tum
215 4102 289 4149 oum
312 4082 395 4149 locis
417 4083 551 4168 Polybii
568 4099 674 4169 nuper
696 4080 818 4148 citatis.
838 4078 934 4158 Quod
953 4080 981 4146 si
997 4081 1134 4146 brevior
