3046 5096
394 447 430 486 nn
448 445 585 488 sonamus
605 446 664 485 rrrr
682 446 740 487 mur
759 431 884 498 21,1-20
1072 433 1109 488 77

136 556 245 624 nullae
269 563 436 623 extarent.
460 554 505 646 (l)
529 556 700 644 Intelliges
734 558 816 624 hinc
839 558 918 644 quid
949 578 1072 625 causae
1096 563 1140 626 sit

135 685 192 730 cur
207 665 267 730 Dio
285 683 416 749 qnoque
434 665 565 732 Cassius
580 657 841 749 atque'Zonaras
857 683 913 730 res
929 665 1004 730 illas
1021 657 1057 732 ut
1071 666 1140 754 plu·
1214 643 1220 658 ⁸

132 773 250 836 rimum
263 771 447 837 omiserint:
466 769 526 834 Dio
544 772 632 836 enim
647 767 792 854 antiquis
806 770 988 838 Annalium
1005 774 1141 860 scripto·

130 878 223 943 ribus
244 877 416 954 Romanis,
441 875 589 942 sortasse
613 877 715 942 Fabio
739 879 882 956 Pictore,
901 899 983 946 usus
999 884 1051 944 est
1066 878 1141 970 (Zo-

129 1003 202 1049 nar.
222 990 332 1050 antem
348 983 474 1064 Dione),
501 983 556 1068 qui
573 983 754 1049 Annalium
781 985 960 1070 scriptores
977 1001 1033 1051 eas
1059 986 1141 1051 reli-

128 1097 277 1176 querant,
293 1091 321 1156 si
336 1110 437 1155 unum
453 1091 599 1176 excipias
623 1089 763 1176 Sagunti
776 1089 941 1156 excidium
965 1097 997 1158 et
1019 1092 1137 1170 iatum,

126 1196 291 1263 celebrius
315 1196 398 1262 illud
421 1216 518 1282 quam
546 1204 583 1264 ut
606 1195 744 1262 silentio
760 1200 941 1283 praeteriri
957 1203 1079 1285 posset:
1099 1198 1139 1264 da

125 1305 217 1370 cuius
242 1309 354 1370 tamen
378 1301 500 1369 excidii
525 1309 708 1388 tempere,¹
728 1305 770 1369 ob
794 1303 827 1368 id
855 1306 963 1390 ipsum
989 1305 1076 1390 quod
1100 1306 1137 1369 in

123 1410 250 1476 Tabula
266 1409 441 1476 Pontificis
458 1405 589 1474 nullum
604 1415 754 1477 notatum
767 1414 865 1488 esset,
886 1411 974 1476 nihil
990 1431 1137 1497 unquam

124 1517 207 1583 certi
231 1515 318 1602 apud
352 1518 523 1584 Romanos
559 1518 730 1594 constitit,
768 1516 855 1603 apud
878 1538 961 1601 quos
984 1519 1025 1584 ob
1049 1519 1137 1585 hano

8 1699 9 1702 Ἴ
123 1644 195 1688 rem
218 1623 420 1709 pervulgata
444 1623 530 1688 falsa
554 1623 665 1709 opinio
690 1623 755 1688 fuit
779 1622 842 1690 duo
856 1622 941 1690 haec
959 1625 994 1689 in
1011 1624 1136 1690 annum

121 1728 280 1794 incidisse
307 1731 415 1815 ipsum
438 1749 502 1814 quo
525 1728 650 1793 bellum
673 1729 758 1795 Pun.
789 1730 971 1796 secundum
1000 1738 1048 1835 est
1071 1731 1136 1796 ini-

121 1842 203 1901 tum:
221 1840 255 1900 et
270 1837 550 1921 oppugnationem
573 1834 722 1920 Sagunti,
740 1836 992 1922 allegationem
1009 1843 1135 1902 utram-

123 1962 189 2026 que
214 1943 442 2008 Romanorum
467 1940 551 2028 (Liv.
575 1940 703 2020 21‚6,3:
733 1941 933 2008 «Consules
959 1948 1041 2026 tunc
1070 1944 1136 2009 Ro·

119 2068 197 2114 mae
217 2054 313 2114 erant
328 2051 367 2114 Ρ.
385 2046 560 2116 Cornelius
577 2034 685 2132 Scipio
702 2054 734 2113 11
749 2048 797 2116 Ti.
818 2049 1033 2135 Sempronius
1046 2050 1133 2114 Lon·
1251 2118 1253 2123 ,

116 2175 215 2240 gns»
234 2154 277 2220 11.
304 2153 466 2240 21,15,4);
491 2174 576 2240 quae
598 2152 661 2218 11111
677 2173 779 2222 causa
797 2174 857 2219 cur
872 2153 973 2241 legati
988 2157 1129 2242 priores,

119 2267 241 2328 contra
265 2260 350 2346 quod
373 2260 534 2346 Polybius
559 2260 670 2339 tradit,
696 2267 729 2326 et
751 2279 875 2326 revera
909 2260 990 2340 fuit,
1016 2260 1062 2349 (2)
1087 2261 1133 2326 di-

116 2373 280 2434 cerentur
302 2369 497 2454 pervenisse
521 2369 555 2432 in
578 2367 774 2453 Hispaniam
797 2367 987 2434 Hannibale
1004 2367 1132 2454 Sagun·

117 2483 191 2540 tum
214 2475 281 2541 iarn
304 2474 361 2538 diu
384 2479 596 2560 oppugnante
620 2475 750 2561 (Cicero
773 2473 864 2540 Phil.
890 2473 1037 2552 5,10,27.
1058 2475 1129 2539 Lir.

115 2579 233 2660 21‚9,3
256 2601 347 2666 seqq.
371 2581 512 2666 Appian.
536 2581 587 2646 Ib.
613 2581 663 2645 XI
687 2581 808 2646 Zonar.
828 2578 1131 2668 8211111111-

149 2864 191 2933 (1)
211 2865 304 2926 Quum
315 2861 436 2916 Romani
448 2866 512 2916 ante
523 2877 628 2917 annum
640 2861 675 2918 U.
689 2880 715 2929 c,
730 2860 875 2915 DXXXVI
888 2862 1015 2930 legiones
1027 2863 1126 2918 nullas

114 2954 147 3008 in
168 2951 329 3023 Hispaniam
347 2951 501 3017 misissent,
521 2951 677 3006 desiderata
695 2955 739 3006 est
757 2951 785 3005 in
804 2949 961 3006 Annalibus
984 2951 1128 3018 Maximis,

112 3043 189 3097 item
207 3041 237 3095 in
255 3041 383 3096 historiis
401 3040 590 3095 Romanorum
608 3040 738 3112 Liviiqua
756 3057 839 3112 opera
867 3043 968 3097 notitia
987 3059 1080 3098 rerum
1098 3042 1128 3097 in

109 3130 256 3202 Hispania
274 3133 339 3186 ante
358 3147 463 3184 annum
480 3129 561 3184 illurn
580 3135 735 3199 gestarum.
756 3129 810 3184 Sed
829 3132 863 3185 ab
890 3131 941 3184 illo
960 3133 1024 3187 inde
1043 3147 1126 3197 anno,

111 3219 319 3275 dimicantibus
337 3219 376 3272 ibi
394 3219 539 3286 Romanis,
565 3218 716 3290 Hispaniae
729 3218 847 3273 historia
860 3220 936 3275 facta
948 3225 991 3275 est
1002 3220 1129 3275 Humana

8 3315 9 3320 ’
113 3307 249 3372 historia,
270 3323 353 3378 quam
372 3312 514 3362 exaratam
533 3325 550 3361 a
567 3308 703 3363 Pontifice
721 3308 845 3363 Maximo
859 3307 1019 3364 retulerunt
1035 3309 1066 3363 in
1079 3326 1130 3362 sua

8 3407 9 3420 ¹
110 3400 201 3469 opera
219 3395 389 3466 scriptores:
407 3396 478 3450 unde
497 3399 603 3450 lactum
622 3401 664 3452 est
682 3401 713 3452 ut
731 3397 766 3450 ab
784 3395 835 3452 illo
853 3397 917 3453 inde
942 3414 1014 3452 anno
1032 3397 1130 3454 Livius

112 3485 271 3558 quotannis
289 3501 335 3540 res
354 3485 396 3539 ibi
414 3488 509 3553 gestas
527 3485 716 3556 descripserit:
738 3486 773 3540 11.
785 3485 846 3540 Liv.
859 3485 941 3551 at,60
963 3502 1041 3558 seqq.
1057 3487 1130 3556 (ann.

112 3571 290 3640 DXXXVI)
319 3572 402 3638 aula
426 3590 504 3644 seqq.
533 3572 616 3645 (ann.
640 3573 924 3644 Dxxxvl1)23,26
951 3590 1027 3646 seqq.
1055 3573 1131 3646 (ann.

103 3661 301 3731 DXXXVlll)
318 3659 431 3730 salal
445 3679 523 3734 seqq.
545 3667 619 3729 (ann.
638 3661 798 3732 DXXXIX)
818 3665 873 3718 111.

144 3751 189 3821 (2)
209 3750 325 3804 Priores
344 3749 433 3820 legati
461 3755 641 3807 accesserunt
659 3751 858 3821 Carthaginem
882 3752 989 3807 Novam
1008 3756 1128 3808 exeunte

108 3855 188 3896 anno
206 3836 241 3894 U.
260 3857 283 3894 1.
303 3839 459 3905 1111111111,
478 3840 632 3896 Hannibale
649 3841 690 3895 ibi
709 3841 825 3896 hiberna
843 3845 956 3910 agente,
971 3857 1005 3896 ex
1024 3841 1125 3912 quibus

106 3929 241 3985 hibernis
260 3943 391 3996 egressus
410 3931 567 4000 Saguntum
586 3931 698 3998 adortus
717 3935 771 3986 est:
785 3930 882 4003 Polyb.
894 3929 993 3996 3,15,3.
1007 3928 1125 4000 Sagunti

105 4019 284 4090 oppugnatio
303 4033 375 4073 anno
393 4018 483 4088 igitur
500 4017 633 4072 Dxxxv
652 4020 728 4074 11111
746 4023 798 4074 est.
826 4019 918 4074 Alteri
939 4019 1027 4088 legati
1052 4018 1124 4072 Car·

105 4107 259 4178 thaginem
277 4107 386 4162 Novam
414 4111 552 4164 venerunt
580 4109 697 4165 exeunte
725 4123 798 4164 anno
825 4108 978 4174 DXXXV,
998 4109 1123 4177 Sagunto

105 4195 220 4254 exciso:
241 4194 344 4266 Polyb.
363 4196 464 4264 3,20,8.
