3046 5096
332 990 416 1077 AD
451 991 692 1077 LIVIUM
731 1007 908 1092 ittet,

187 2169 213 2236 1.
239 2168 285 2245 De
310 2167 474 2244 divisione
505 2168 714 2244 exercituum
745 2166 974 2246 Romanorum
999 2186 1112 2260 agens„

18 2301 19 2318 Ι
105 2277 236 2344 ineunte
261 2295 349 2351 anno
372 2299 406 2343 u.
433 2296 462 2342 o.
489 2275 668 2354 DXXXIX
692 2275 782 2344 inter
806 2274 984 2356 consules,
1010 2295 1115 2364 prae-

18 2457 19 2468 }
105 2386 191 2446 tores
215 2381 429 2469 reliquosque
464 2379 565 2446 duces
601 2379 641 2456 de
677 2400 769 2446 more
804 2380 839 2446 in
865 2381 990 2456 Senatu
1013 2367 1113 2458 iacta,

17 2521 18 2528 κ
103 2486 212 2554 Livius
236 2489 284 2554 sio
308 2487 417 2554 refert
435 2489 546 2574 copias
564 2489 758 2554 consulibus
775 2486 891 2566 datas,
921 2487 1115 2565 «Consules

107 2596 317 2665 «exercitus
353 2596 444 2661 inter
479 2615 553 2660 sese
579 2594 780 2662 diviserunt.
816 2594 920 2662 Fabio
943 2596 1115 2664 exercitus

105 2725 121 2758 α
148 2703 264 2780 Teani,
288 2702 410 2796 ouiM.
436 2701 556 2768 Junius
590 2701 735 2770 dictator
759 2702 966 2790 praefuerat,
980 2703 1112 2783 evenit3

104 2829 120 2872 ι
148 2806 706 2896 Seruorooiorvoionosoucticreot‚
731 2814 765 2875 et
802 2811 969 2878 sociorum
995 2812 1116 2897 viginti

105 2941 122 2975 «
146 2917 291 3004 quinque
315 2916 409 2985 milia
431 2937 462 2980 u.
487 2917 562 2982 Liv.
585 2915 746 3003 23,32,1).
1032 2933 1034 2936 ·

149 3025 186 3100 Q.
213 3023 337 3092 Fabius
361 3024 528 3092 Maximus
551 3024 783 3090 Verrucossus
809 3024 870 3104 111,
890 3026 942 3092 Ti.
962 3025 1116 3114 Sempro·

102 3130 179 3199 nius
193 3129 377 3209 Gracchus,
391 3131 546 3200 consules
559 3130 699 3198 fuerunt
714 3151 802 3200 anno
818 3133 858 3200 U.
874 3154 904 3212 c.
923 3133 1113 3212 DXXXIX.

146 3240 214 3305 Pro
238 3258 277 3306 eo
302 3237 390 3326 quod
414 3239 449 3306 in
474 3239 645 3306 codicibus
670 3245 764 3306 extat
786 3235 1116 3328 Semprom'oroolo-
1206 3290 1219 3304 ,

96 3347 360 3431 πθεᾳαεβθνεηί,
373 3346 544 3412 recordati
559 3345 593 3411 in
608 3347 763 3414 exercitu
779 3348 838 3414 illo
855 3347 998 3436 degente
1011 3327 1115 3414 Teani

96 3453 234 3521 volones
268 3474 397 3542 qnoque
433 3453 556 3522 milites
581 3453 713 3532 fuisse,
737 3453 926 3542 Madvigius
951 3460 985 3532 et
1008 3455 1117 3522 Weis-

96 3559 317 3642 senbornius,
344 3561 466 3647 quihus
498 3561 708 3628 recentiores
743 3560 894 3650 plerique
918 3581 1035 3628 omnes
1057 3581 1115 3628 as-

97 3669 194 3735 sensi
216 3675 303 3748 sunt,
330 3665 531 3736 ediderunt:
567 3667 777 3762 Sempronio
812 3670 954 3764 colones
981 3671 1045 3758 qui
1067 3671 1117 3738 ibi

98 3781 210 3844 erant.
234 3776 303 3856 Ibi,
323 3776 356 3844 id
374 3784 425 3844 est
442 3777 476 3844 in
493 3778 644 3844 exercitu
660 3777 776 3847 Teani.
794 3777 859 3846 Sed
879 3777 978 3847 nimis
994 3798 1116 3856 vereor

99 3890 139 3949 ut
162 3884 295 3958 sincera
318 3890 352 3952 et
374 3904 536 3972 germana
558 3885 661 3951 lectio
683 3884 771 3964 haeo
792 3883 901 3952 videri
923 3887 1028 3972 possit
1044 3906 1116 3954 rem

98 3989 213 4078 paullo
237 3992 397 4070 attentius
433 3991 737 4070 considerantibus.
774 3993 939 4084 Equidem
971 3993 1114 4074 concedo

99 4098 331 4176 libentissime,
367 4100 395 4166 si
431 4099 649 4186 vestigiorum
673 4099 708 4174 in
732 4098 902 4172 codicibus
926 4103 1114 4182 extantium
1215 4110 1216 4113 ’
