3164 5104
522 392 559 432 uu
577 391 727 434 curuunuu
745 377 772 447 6,
786 375 869 432 12-1t
1125 355 1160 430 23

175 503 298 572 dando
332 503 583 589 impenderant,
609 503 779 582 debeatur:
803 481 985 590 perspicies
1008 502 1091 586 ipse.
1118 499 1195 568 Sca·
1262 559 1265 564 .

176 613 276 699 liger
298 611 453 697 scripsit:

349 794 364 834 u
385 772 473 834 Cur?
492 792 552 832 non
572 780 634 833 tam
655 772 754 834 latera
774 769 914 833 exfututa
934 772 1067 850 pandant

389 873 454 933 Nec
474 880 508 933 tu
529 874 600 949 quid
620 871 712 933 facias
732 872 964 951 ineptiarum.»

232 1026 436 1115 Doeringius
454 1047 461 1092 :

351 1226 367 1262 e
389 1203 453 1264 Gur
473 1223 551 1264 nunc
571 1210 633 1264 tam
653 1205 751 1265 latera
771 1204 908 1265 exfututa
929 1207 1043 1283 pandas
1104 1223 1107 1230 ’

389 1304 426 1366 Ni
448 1310 481 1364 tu
502 1304 573 1381 quid
594 1303 687 1365 facias
708 1305 897 1382 ineptiarum.
920 1326 936 1360 »

235 1474 481 1552 Lachmannus,
499 1477 609 1540 omnia
626 1495 733 1561 paene
749 1476 791 1541 ab
808 1476 848 1540 iis
873 1481 1052 1553 mutuatus,
1069 1473 1197 1560 duabus

181 1584 418 1650 tantummodo
442 1584 624 1669 iisdemque
647 1585 776 1650 levibus
799 1590 897 1668 atque
921 1585 963 1649 ad
987 1604 1059 1650 rem
1083 1584 1198 1650 attho-

183 1693 391 1777 graphicam
414 1692 660 1778 pertinentibus
685 1689 859 1780 (ecfututa,
886 1690 954 1777 nei)
979 1692 1182 1757 immutatis:

291 1907 296 1914 -
350 1894 366 1926 «
388 1871 475 1931 Curt
495 1890 553 1930 nou
574 1879 636 1930 tam
656 1870 753 1929 latera
774 1869 906 1929 ecfututa
927 1871 1038 1946 pandas

389 1969 445 2030 Nei
465 1977 498 2028 tu
520 1970 591 2045 quid
609 1968 703 2028 facias
725 1967 959 2044 ineptiarum.»

279 2155 337 2230 tv.
362 2157 458 2221 Nunc
482 2155 524 2221 ad
547 2175 610 2220 me.
632 2157 756 2222 Sensus
773 2161 822 2221 est
840 2156 1011 2221 carminis:
1035 2155 1144 2234 Flavi,
1161 2163 1198 2222 tu

184 2271 297 2338 hahes
320 2270 490 2357 puellam:
520 2277 556 2336 tu
580 2276 672 2357 potes
695 2271 837 2356 squidem
861 2277 986 2348 tacere,
1024 2270 1081 2336 sed
1098 2277 1198 2344 ,tuum

188 2377 364 2444 silentium
381 2381 513 2443 irritum
538 2386 598 2457 est,
625 2399 725 2464 quum
750 2386 864 2444 cetera
880 2381 991 2444 omnia
1007 2378 1153 2443 clament
1169 2385 1201 2443 te

185 2505 260 2552 non
284 2487 392 2552 iacere
415 2486 532 2551 viduas
557 2493 687 2551 noctes.
715 2488 847 2564 Cetera,
872 2487 938 2552 hcc
963 2491 1013 2551 est
1037 2486 1120 2549 tria:
1145 2506 1200 2551 cu·

185 2592 268 2670 atta,
277 2594 456 2677 pulvinus:
475 2600 508 2659 et
533 2596 653 2659 lectus.
680 2594 849 2658 Hactenus
866 2595 976 2658 omnia
994 2597 1069 2658 sunt
1085 2593 1197 2678 plana.

185 2700 297 2764 Porro
321 2705 433 2766 autem
456 2721 488 2766 v.
516 2700 569 2777 12,
596 2701 630 2763 in
661 2720 723 2784 quo
758 2701 915 2777 haerent,
952 2700 1034 2764 mihi
1065 2697 1199 2763 videtur

185 2805 235 2870 ad
252 2811 317 2871 tres
331 2808 410 2872 istos
433 2808 529 2892 quasi
553 2806 677 2872 indices
701 2807 782 2872 facti
812 2809 992 2892 pertinere,
1017 2812 1050 2870 et
1066 2811 1200 2871 senten·

185 2914 272 2978 tiam
294 2916 497 2999 superiorem
521 2916 667 3002 apertius
684 2913 878 2993 declarare;
905 2915 973 2980 ista
996 2912 1123 2979 referri
1142 2912 1199 2977 de·

183 3020 271 3100 herp
293 3019 335 3086 ad
358 3021 421 3086 tria
438 3020 515 3104 illa,
541 3021 637 3106 quasi
675 3020 826 3086 dicatur:
856 3019 942 3084 haec
965 3019 1056 3083 enim
1084 3017 1199 3084 facul-

183 3133 291 3196 tatem
315 3127 446 3207 silendi,
471 3149 568 3216 quam
585 3135 621 3195 tu
638 3121 753 3209 habes,
769 3148 836 3194 non
849 3128 988 3193 habent.
1010 3126 1196 3192 Scribercm

183 3234 395 3321 ergov.12
428 3236 496 3302 ita:
535 3235 629 3303 Neu
663 3237 716 3302 uit
751 3237 820 3301 istu
855 3237 982 3311 autaut,
1018 3233 1112 3299 uidit
1139 3237 1198 3300 ta-

123 3377 130 3382 ·
181 3362 279 3408 cere.
305 3341 351 3432 (1)
1088 3397 1091 3404 .

230 3453 268 3517 In
291 3471 345 3516 vv.
369 3451 477 3531 13,14
507 3459 605 3539 poeta
628 3454 711 3518 mihi
733 3450 869 3518 videtur
892 3451 1018 3517 addere
1042 3456 1197 3536 quartum

180 3556 368 3638 indicium,
406 3558 494 3646 quod
533 3580 609 3626 cum
649 3561 756 3627 tribus
799 3559 1029 3646 superioribus
1065 3557 1197 3622 indiciis

224 3789 264 3862 (l)
288 3791 395 3846 Tacere
413 3791 447 3846 de
465 3790 549 3846 rebus
569 3809 652 3863 saepe
666 3794 868 3864 usurpabatur:
889 3801 1004 3846 tacuere
1017 3791 1117 3847 damus
1129 3789 1197 3846 Luc.

182 3883 280 3938 Pdar.
295 3881 367 3944 222.
390 3880 525 3935 Taceutes
539 3882 594 3936 laci
610 3883 687 3936 Tacit
699 3885 773 3940 Hist.
789 3883 861 3950 3,84,
877 3887 933 3937 eta.
947 3883 1016 3937 Item
1030 3886 1196 3936 taciturnus:

183 3975 280 4026 amnis
310 3971 407 4040 (Horat
434 3969 525 4025 Carm.
549 3970 644 4038 1318)
673 3971 745 4026 liber
767 3971 842 4042 (Hor.
862 3971 953 4042 Epist:
986 3973 1104 4042 l‚20‚12)
1135 3972 1199 4040 ripa

180 4060 269 4127 (Hor.
291 4059 516 4130 0a1·m.3‚29,14)
537 4064 590 4115 etc.
