<?xml version="1.0" encoding="UTF-8"?>
<!DOCTYPE html PUBLIC "-//W3C//DTD XHTML 1.0 Transitional//EN"
    "http://www.w3.org/TR/xhtml1/DTD/xhtml1-transitional.dtd">
<html xmlns="http://www.w3.org/1999/xhtml" xml:lang="en" lang="en">
 <head>
  <title>
</title>
<meta http-equiv="Content-Type" content="text/html;charset=utf-8" />
  <meta name='ocr-system' content='tesseract 3.04.00' />
  <meta name='ocr-capabilities' content='ocr_page ocr_carea ocr_par ocr_line ocrx_word'/>
</head>
<body>
  <div class='ocr_page' id='page_1' title='image "animadversiones00tartgoog_0108.png"; bbox 0 0 3046 5096; ppageno 0'>
   <div class='ocr_carea' id='block_1_1' title="bbox 482 429 1152 508">
    <p class='ocr_par' dir='ltr' id='par_1_1' title="bbox 482 429 1152 508">
     <span class='ocr_line' id='line_1_1' title="bbox 482 429 1152 508; baseline 0 -18"><span class='ocrx_word' id='word_1_1' title='bbox 482 451 518 490; x_wconf 78' lang='lat' dir='ltr'>an</span> <span class='ocrx_word' id='word_1_2' title='bbox 538 450 644 490; x_wconf 78' lang='lat' dir='ltr'>murum</span> <span class='ocrx_word' id='word_1_3' title='bbox 662 436 708 504; x_wconf 84' lang='lat'>23,</span> <span class='ocrx_word' id='word_1_4' title='bbox 723 437 795 508; x_wconf 81' lang='lat'>32,1</span> <span class='ocrx_word' id='word_1_5' title='bbox 937 429 941 437; x_wconf 84' lang='lat'>&#39;</span> <span class='ocrx_word' id='word_1_6' title='bbox 1106 436 1152 496; x_wconf 86' lang='lat'>101</span> 
     </span>
    </p>
   </div>
   <div class='ocr_carea' id='block_1_2' title="bbox 40 558 1170 651">
    <p class='ocr_par' dir='ltr' id='par_1_2' title="bbox 40 558 1170 651">
     <span class='ocr_line' id='line_1_2' title="bbox 40 558 1170 651; baseline 0 -22"><span class='ocrx_word' id='word_1_7' title='bbox 40 568 46 576; x_wconf 86' lang='lat'>&#39;</span> <span class='ocrx_word' id='word_1_8' title='bbox 146 565 264 630; x_wconf 90' lang='lat' dir='ltr'>rentio</span> <span class='ocrx_word' id='word_1_9' title='bbox 278 564 470 651; x_wconf 81' lang='lat' dir='ltr'>proconsuli</span> <span class='ocrx_word' id='word_1_10' title='bbox 485 563 654 648; x_wconf 75' lang='lat' dir='ltr'>negotium</span> <span class='ocrx_word' id='word_1_11' title='bbox 670 563 978 651; x_wconf 78' lang='lat' dir='ltr'>conquirendorum</span> <span class='ocrx_word' id='word_1_12' title='bbox 996 565 1030 629; x_wconf 91' lang='lat' dir='ltr'>in</span> <span class='ocrx_word' id='word_1_13' title='bbox 1046 558 1170 632; x_wconf 83' lang='lat' dir='ltr'>Piceno</span> 
     </span>
    </p>
   </div>
   <div class='ocr_carea' id='block_1_3' title="bbox 94 655 1202 4207">
    <p class='ocr_par' dir='ltr' id='par_1_3' title="bbox 133 655 1202 3451">
     <span class='ocr_line' id='line_1_3' title="bbox 147 655 1171 759; baseline -0.001 -22"><span class='ocrx_word' id='word_1_14' title='bbox 147 693 236 758; x_wconf 81' lang='lat' dir='ltr'>agro</span> <span class='ocrx_word' id='word_1_15' title='bbox 253 671 406 739; x_wconf 91' lang='lat' dir='ltr'>militum.</span> <span class='ocrx_word' id='word_1_16' title='bbox 426 672 574 737; x_wconf 90' lang='lat' dir='ltr'>Volones</span> <span class='ocrx_word' id='word_1_17' title='bbox 591 678 701 738; x_wconf 91' lang='lat' dir='ltr'>autem</span> <span class='ocrx_word' id='word_1_18' title='bbox 719 673 780 750; x_wconf 84' lang='lat' dir='ltr'>illi,</span> <span class='ocrx_word' id='word_1_19' title='bbox 798 655 975 758; x_wconf 89' lang='lat' dir='ltr'>dequibus</span> <span class='ocrx_word' id='word_1_20' title='bbox 993 673 1171 759; x_wconf 87' lang='lat' dir='ltr'>loquimur,</span> 
     </span>
     <span class='ocr_line' id='line_1_4' title="bbox 148 778 1176 875; baseline 0.002 -31"><span class='ocrx_word' id='word_1_21' title='bbox 148 801 319 867; x_wconf 88' lang='lat' dir='ltr'>nusquam</span> <span class='ocrx_word' id='word_1_22' title='bbox 345 780 411 846; x_wconf 89' lang='lat' dir='ltr'>nisi</span> <span class='ocrx_word' id='word_1_23' title='bbox 434 781 562 846; x_wconf 79' lang='lat' dir='ltr'>Romae</span> <span class='ocrx_word' id='word_1_24' title='bbox 599 782 773 847; x_wconf 85' lang='lat' dir='ltr'>conscribi</span> <span class='ocrx_word' id='word_1_25' title='bbox 808 782 1011 875; x_wconf 81' lang='lat' dir='ltr'>potuerunt;</span> <span class='ocrx_word' id='word_1_26' title='bbox 1037 778 1176 869; x_wconf 84' lang='lat' dir='ltr'>quodsi</span> 
     </span>
     <span class='ocr_line' id='line_1_5' title="bbox 150 889 1202 974; baseline 0.002 -22"><span class='ocrx_word' id='word_1_27' title='bbox 150 890 338 974; x_wconf 91' lang='lat' dir='ltr'>scriptores</span> <span class='ocrx_word' id='word_1_28' title='bbox 369 889 590 967; x_wconf 84' lang='lat' dir='ltr'>historiarum</span> <span class='ocrx_word' id='word_1_29' title='bbox 620 890 683 954; x_wconf 92' lang='lat' dir='ltr'>hoc</span> <span class='ocrx_word' id='word_1_30' title='bbox 717 896 973 967; x_wconf 77' lang='lat' dir='ltr'>memorarunt,</span> <span class='ocrx_word' id='word_1_31' title='bbox 1012 896 1048 957; x_wconf 90' lang='lat' dir='ltr'>ut</span> <span class='ocrx_word' id='word_1_32' title='bbox 1082 898 1202 956; x_wconf 68' lang='lat' dir='ltr'>certe¹</span> 
     </span>
     <span class='ocr_line' id='line_1_6' title="bbox 153 996 1177 1088; baseline 0.002 -28"><span class='ocrx_word' id='word_1_33' title='bbox 153 1006 398 1074; x_wconf 88' lang='lat' dir='ltr'>memorarunt,</span> <span class='ocrx_word' id='word_1_34' title='bbox 425 996 662 1088; x_wconf 89' lang='lat' dir='ltr'>deprehendas</span> <span class='ocrx_word' id='word_1_35' title='bbox 689 1017 832 1064; x_wconf 88' lang='lat' dir='ltr'>necesse</span> <span class='ocrx_word' id='word_1_36' title='bbox 857 1003 908 1063; x_wconf 91' lang='lat' dir='ltr'>est</span> <span class='ocrx_word' id='word_1_37' title='bbox 931 998 1018 1084; x_wconf 91' lang='lat' dir='ltr'>apud</span> <span class='ocrx_word' id='word_1_38' title='bbox 1042 999 1177 1064; x_wconf 87' lang='lat' dir='ltr'>Livium</span> 
     </span>
     <span class='ocr_line' id='line_1_7' title="bbox 152 1107 1177 1194; baseline 0.002 -23"><span class='ocrx_word' id='word_1_39' title='bbox 152 1107 194 1171; x_wconf 88' lang='lat' dir='ltr'>in</span> <span class='ocrx_word' id='word_1_40' title='bbox 210 1107 310 1172; x_wconf 88' lang='lat' dir='ltr'>litera</span> <span class='ocrx_word' id='word_1_41' title='bbox 326 1129 348 1171; x_wconf 82' lang='lat' dir='ltr'>r</span> <span class='ocrx_word' id='word_1_42' title='bbox 364 1108 545 1193; x_wconf 84' lang='lat' dir='ltr'>vestigium</span> <span class='ocrx_word' id='word_1_43' title='bbox 568 1109 664 1174; x_wconf 80' lang='lat' dir='ltr'>verbi</span> <span class='ocrx_word' id='word_1_44' title='bbox 692 1109 781 1194; x_wconf 92' lang='lat' dir='ltr'>quod</span> <span class='ocrx_word' id='word_1_45' title='bbox 806 1108 871 1174; x_wconf 82' lang='lat' dir='ltr'>fuit</span> <span class='ocrx_word' id='word_1_46' title='bbox 893 1109 1041 1174; x_wconf 83' lang='lat' dir='ltr'>Romae.</span> <span class='ocrx_word' id='word_1_47' title='bbox 1065 1110 1177 1176; x_wconf 91' lang='lat' dir='ltr'>Unum</span> 
     </span>
     <span class='ocr_line' id='line_1_8' title="bbox 153 1215 1170 1302; baseline 0.002 -22"><span class='ocrx_word' id='word_1_48' title='bbox 153 1215 244 1280; x_wconf 84' lang='lat' dir='ltr'>addo</span> <span class='ocrx_word' id='word_1_49' title='bbox 286 1215 373 1298; x_wconf 90' lang='lat' dir='ltr'>qnod</span> <span class='ocrx_word' id='word_1_50' title='bbox 411 1235 520 1282; x_wconf 88' lang='lat' dir='ltr'>meam</span> <span class='ocrx_word' id='word_1_51' title='bbox 555 1218 783 1283; x_wconf 87' lang='lat' dir='ltr'>coniecturam</span> <span class='ocrx_word' id='word_1_52' title='bbox 819 1216 941 1302; x_wconf 90' lang='lat' dir='ltr'>optime</span> <span class='ocrx_word' id='word_1_53' title='bbox 980 1216 1170 1283; x_wconf 71' lang='lat' dir='ltr'>confirmat,</span> 
     </span>
     <span class='ocr_line' id='line_1_9' title="bbox 154 1319 1172 1411; baseline 0.004 -25"><span class='ocrx_word' id='word_1_54' title='bbox 154 1323 307 1409; x_wconf 81' lang='lat' dir='ltr'>Namque</span> <span class='ocrx_word' id='word_1_55' title='bbox 332 1324 418 1390; x_wconf 87' lang='lat' dir='ltr'>haec</span> <span class='ocrx_word' id='word_1_56' title='bbox 443 1327 555 1390; x_wconf 89' lang='lat' dir='ltr'>omnia</span> <span class='ocrx_word' id='word_1_57' title='bbox 581 1325 635 1391; x_wconf 89' lang='lat' dir='ltr'>diu</span> <span class='ocrx_word' id='word_1_58' title='bbox 661 1332 868 1408; x_wconf 85' lang='lat' dir='ltr'>commentus</span> <span class='ocrx_word' id='word_1_59' title='bbox 893 1319 999 1401; x_wconf 83' lang='lat' dir='ltr'>eram,</span> <span class='ocrx_word' id='word_1_60' title='bbox 1019 1346 1120 1411; x_wconf 91' lang='lat' dir='ltr'>quum</span> <span class='ocrx_word' id='word_1_61' title='bbox 1138 1327 1172 1390; x_wconf 92' lang='lat' dir='ltr'>iu</span> 
     </span>
     <span class='ocr_line' id='line_1_10' title="bbox 133 1433 1174 1519; baseline 0.003 -25"><span class='ocrx_word' id='word_1_62' title='bbox 133 1433 433 1516; x_wconf 68' lang='lat' dir='ltr'>‚scriptiunculam</span> <span class='ocrx_word' id='word_1_63' title='bbox 473 1433 575 1500; x_wconf 91' lang='lat' dir='ltr'>incidi</span> <span class='ocrx_word' id='word_1_64' title='bbox 611 1454 710 1519; x_wconf 92' lang='lat' dir='ltr'>quam</span> <span class='ocrx_word' id='word_1_65' title='bbox 745 1434 911 1500; x_wconf 87' lang='lat' dir='ltr'>Luchsius</span> <span class='ocrx_word' id='word_1_66' title='bbox 947 1453 1055 1518; x_wconf 87' lang='lat' dir='ltr'>nuper</span> <span class='ocrx_word' id='word_1_67' title='bbox 1091 1435 1174 1499; x_wconf 87' lang='lat' dir='ltr'>scri-</span> 
     </span>
     <span class='ocr_line' id='line_1_11' title="bbox 151 1539 1173 1629; baseline 0.001 -28"><span class='ocrx_word' id='word_1_68' title='bbox 151 1539 221 1625; x_wconf 82' lang='lat' dir='ltr'>psit</span> <span class='ocrx_word' id='word_1_69' title='bbox 256 1540 423 1626; x_wconf 85' lang='lat' dir='ltr'>ediditque</span> <span class='ocrx_word' id='word_1_70' title='bbox 460 1542 494 1606; x_wconf 91' lang='lat' dir='ltr'>in</span> <span class='ocrx_word' id='word_1_71' title='bbox 529 1543 663 1608; x_wconf 78' lang='lat' dir='ltr'>Herma</span> <span class='ocrx_word' id='word_1_72' title='bbox 698 1543 916 1608; x_wconf 82' lang='lat' dir='ltr'>Berolinensi</span> <span class='ocrx_word' id='word_1_73' title='bbox 953 1541 1058 1629; x_wconf 85' lang='lat' dir='ltr'>(Vol.</span> <span class='ocrx_word' id='word_1_74' title='bbox 1093 1543 1173 1607; x_wconf 89' lang='lat' dir='ltr'>XIV</span> 
     </span>
     <span class='ocr_line' id='line_1_12' title="bbox 151 1647 1172 1736; baseline 0.004 -26"><span class='ocrx_word' id='word_1_75' title='bbox 151 1667 231 1732; x_wconf 71' lang='lat' dir='ltr'>pag.</span> <span class='ocrx_word' id='word_1_76' title='bbox 260 1647 325 1712; x_wconf 78' lang='lat'>142</span> <span class='ocrx_word' id='word_1_77' title='bbox 349 1648 471 1736; x_wconf 78' lang='lat' dir='ltr'>seqq).</span> <span class='ocrx_word' id='word_1_78' title='bbox 498 1649 560 1723; x_wconf 86' lang='lat' dir='ltr'>Oui</span> <span class='ocrx_word' id='word_1_79' title='bbox 595 1650 775 1729; x_wconf 74' lang='lat' dir='ltr'>LuchsiuS‚</span> <span class='ocrx_word' id='word_1_80' title='bbox 802 1648 889 1735; x_wconf 92' lang='lat' dir='ltr'>quod</span> <span class='ocrx_word' id='word_1_81' title='bbox 923 1649 1050 1735; x_wconf 83' lang='lat' dir='ltr'>legitur</span> <span class='ocrx_word' id='word_1_82' title='bbox 1085 1650 1172 1735; x_wconf 88' lang='lat' dir='ltr'>apud</span> 
     </span>
     <span class='ocr_line' id='line_1_13' title="bbox 150 1753 1171 1843; baseline 0.004 -27"><span class='ocrx_word' id='word_1_83' title='bbox 150 1753 283 1820; x_wconf 79' lang='lat' dir='ltr'>livium</span> <span class='ocrx_word' id='word_1_84' title='bbox 315 1755 466 1833; x_wconf 78' lang='lat'>23,32,9,</span> <span class='ocrx_word' id='word_1_85' title='bbox 501 1759 563 1822; x_wconf 90' lang='lat' dir='ltr'>hoc</span> <span class='ocrx_word' id='word_1_86' title='bbox 579 1803 581 1806; x_wconf 88' lang='lat'><em>-</em></span> <span class='ocrx_word' id='word_1_87' title='bbox 596 1764 646 1822; x_wconf 89' lang='lat' dir='ltr'>est</span> <span class='ocrx_word' id='word_1_88' title='bbox 669 1758 781 1843; x_wconf 82' lang='lat' dir='ltr'>paullo</span> <span class='ocrx_word' id='word_1_89' title='bbox 804 1765 879 1843; x_wconf 87' lang='lat' dir='ltr'>post</span> <span class='ocrx_word' id='word_1_90' title='bbox 903 1758 1008 1823; x_wconf 85' lang='lat' dir='ltr'>verba</span> <span class='ocrx_word' id='word_1_91' title='bbox 1033 1777 1053 1821; x_wconf 90' lang='lat' dir='ltr'>a</span> <span class='ocrx_word' id='word_1_92' title='bbox 1077 1758 1171 1823; x_wconf 87' lang='lat' dir='ltr'>nobis</span> 
     </span>
     <span class='ocr_line' id='line_1_14' title="bbox 148 1863 1171 1930; baseline 0.001 -3"><span class='ocrx_word' id='word_1_93' title='bbox 148 1869 319 1928; x_wconf 86' lang='lat' dir='ltr'>tractata:</span> <span class='ocrx_word' id='word_1_94' title='bbox 362 1889 378 1923; x_wconf 90' lang='lat'>«</span> <span class='ocrx_word' id='word_1_95' title='bbox 404 1863 445 1928; x_wconf 90' lang='lat' dir='ltr'>ad</span> <span class='ocrx_word' id='word_1_96' title='bbox 480 1863 544 1930; x_wconf 88' lang='lat' dir='ltr'>hoc</span> <span class='ocrx_word' id='word_1_97' title='bbox 580 1863 688 1930; x_wconf 84' lang='lat' dir='ltr'>fessos</span> <span class='ocrx_word' id='word_1_98' title='bbox 724 1866 790 1930; x_wconf 89' lang='lat' dir='ltr'>iam</span> <span class='ocrx_word' id='word_1_99' title='bbox 823 1865 951 1930; x_wconf 88' lang='lat' dir='ltr'>animos</span> <span class='ocrx_word' id='word_1_100' title='bbox 988 1863 1171 1930; x_wconf 87' lang='lat' dir='ltr'>Sardorum</span> 
     </span>
     <span class='ocr_line' id='line_1_15' title="bbox 148 1970 1173 2056; baseline 0.007 -27"><span class='ocrx_word' id='word_1_101' title='bbox 148 1995 168 2029; x_wconf 66' lang='lat' dir='ltr'>a</span> <span class='ocrx_word' id='word_1_102' title='bbox 197 1970 419 2036; x_wconf 85' lang='lat' dir='ltr'>diuturnitate</span> <span class='ocrx_word' id='word_1_103' title='bbox 462 1973 595 2056; x_wconf 79' lang='lat' dir='ltr'>tmperi</span> <span class='ocrx_word' id='word_1_104' title='bbox 622 1977 653 2038; x_wconf 85' lang='lat' dir='ltr'>et</span> <span class='ocrx_word' id='word_1_105' title='bbox 681 1973 853 2056; x_wconf 72' lang='lat' dir='ltr'>procedure</span> <span class='ocrx_word' id='word_1_106' title='bbox 886 1973 926 2036; x_wconf 93' lang='lat' dir='ltr'>iis</span> <span class='ocrx_word' id='word_1_107' title='bbox 957 1991 1046 2036; x_wconf 89' lang='lat' dir='ltr'>anno</span> <span class='ocrx_word' id='word_1_108' title='bbox 1078 1989 1173 2038; x_wconf 87' lang='lat' dir='ltr'>accr-</span> 
     </span>
     <span class='ocr_line' id='line_1_16' title="bbox 155 2078 1172 2166; baseline 0.006 -28"><span class='ocrx_word' id='word_1_109' title='bbox 155 2105 175 2137; x_wconf 84' lang='lat'>«</span> <span class='ocrx_word' id='word_1_110' title='bbox 200 2078 241 2143; x_wconf 90' lang='lat' dir='ltr'>be</span> <span class='ocrx_word' id='word_1_111' title='bbox 277 2085 376 2164; x_wconf 87' lang='lat' dir='ltr'>atque</span> <span class='ocrx_word' id='word_1_112' title='bbox 412 2099 515 2146; x_wconf 84' lang='lat' dir='ltr'>avare</span> <span class='ocrx_word' id='word_1_113' title='bbox 548 2080 816 2165; x_wconf 79' lang='lat' dir='ltr'>imperitatum»</span> <span class='ocrx_word' id='word_1_114' title='bbox 853 2099 954 2166; x_wconf 90' lang='lat' dir='ltr'>quum</span> <span class='ocrx_word' id='word_1_115' title='bbox 984 2080 1019 2144; x_wconf 92' lang='lat' dir='ltr'>in</span> <span class='ocrx_word' id='word_1_116' title='bbox 1051 2080 1172 2164; x_wconf 90' lang='lat' dir='ltr'>optimo</span> 
     </span>
     <span class='ocr_line' id='line_1_17' title="bbox 144 2173 1174 2264; baseline 0.002 -15"><span class='ocrx_word' id='word_1_117' title='bbox 144 2187 297 2250; x_wconf 91' lang='lat' dir='ltr'>omnium</span> <span class='ocrx_word' id='word_1_118' title='bbox 324 2186 448 2264; x_wconf 91' lang='lat' dir='ltr'>codice,</span> <span class='ocrx_word' id='word_1_119' title='bbox 474 2188 509 2251; x_wconf 92' lang='lat' dir='ltr'>in</span> <span class='ocrx_word' id='word_1_120' title='bbox 533 2188 684 2253; x_wconf 90' lang='lat' dir='ltr'>Puteano</span> <span class='ocrx_word' id='word_1_121' title='bbox 714 2209 774 2253; x_wconf 89' lang='lat' dir='ltr'>seu</span> <span class='ocrx_word' id='word_1_122' title='bbox 805 2188 964 2253; x_wconf 85' lang='lat' dir='ltr'>Parisino</span> <span class='ocrx_word' id='word_1_123' title='bbox 993 2184 1081 2252; x_wconf 85' lang='lat'>5730</span> <span class='ocrx_word' id='word_1_124' title='bbox 1105 2173 1174 2251; x_wconf 87' lang='lat' dir='ltr'>sae·</span> 
     </span>
     <span class='ocr_line' id='line_1_18' title="bbox 148 2293 1174 2380; baseline -0.001 -23"><span class='ocrx_word' id='word_1_125' title='bbox 148 2293 222 2357; x_wconf 88' lang='lat' dir='ltr'>culi</span> <span class='ocrx_word' id='word_1_126' title='bbox 245 2293 322 2369; x_wconf 88' lang='lat' dir='ltr'>VII,</span> <span class='ocrx_word' id='word_1_127' title='bbox 348 2313 446 2376; x_wconf 90' lang='lat' dir='ltr'>quem</span> <span class='ocrx_word' id='word_1_128' title='bbox 471 2295 542 2380; x_wconf 84' lang='lat' dir='ltr'>ipse</span> <span class='ocrx_word' id='word_1_129' title='bbox 567 2294 677 2360; x_wconf 91' lang='lat' dir='ltr'>denuo</span> <span class='ocrx_word' id='word_1_130' title='bbox 696 2296 849 2373; x_wconf 88' lang='lat' dir='ltr'>contulit,</span> <span class='ocrx_word' id='word_1_131' title='bbox 867 2293 1052 2359; x_wconf 85' lang='lat' dir='ltr'>invenisset</span> <span class='ocrx_word' id='word_1_132' title='bbox 1067 2293 1174 2378; x_wconf 76' lang='lat' dir='ltr'>r‘mqoe-</span> 
     </span>
     <span class='ocr_line' id='line_1_19' title="bbox 148 2399 1176 2486; baseline 0.003 -24"><span class='ocrx_word' id='word_1_133' title='bbox 148 2401 426 2485; x_wconf 75' lang='lat' dir='ltr'>riretprorrr&#39;m0,</span> <span class='ocrx_word' id='word_1_134' title='bbox 453 2403 629 2466; x_wconf 85' lang='lat' dir='ltr'>verissime</span> <span class='ocrx_word' id='word_1_135' title='bbox 661 2403 845 2467; x_wconf 89' lang='lat' dir='ltr'>arbitratus</span> <span class='ocrx_word' id='word_1_136' title='bbox 870 2405 919 2466; x_wconf 89' lang='lat' dir='ltr'>est</span> <span class='ocrx_word' id='word_1_137' title='bbox 943 2405 1080 2486; x_wconf 90' lang='lat' dir='ltr'>propter</span> <span class='ocrx_word' id='word_1_138' title='bbox 1103 2399 1176 2465; x_wconf 86' lang='lat' dir='ltr'>tite-</span> 
     </span>
     <span class='ocr_line' id='line_1_20' title="bbox 145 2504 1176 2597; baseline 0.003 -27"><span class='ocrx_word' id='word_1_139' title='bbox 145 2526 224 2571; x_wconf 88' lang='lat' dir='ltr'>ram</span> <span class='ocrx_word' id='word_1_140' title='bbox 261 2529 293 2586; x_wconf 86' lang='lat' dir='ltr'>r,</span> <span class='ocrx_word' id='word_1_141' title='bbox 320 2528 407 2597; x_wconf 84' lang='lat' dir='ltr'>qnae</span> <span class='ocrx_word' id='word_1_142' title='bbox 440 2515 534 2575; x_wconf 83' lang='lat' dir='ltr'>exta&#39;t</span> <span class='ocrx_word' id='word_1_143' title='bbox 572 2515 645 2597; x_wconf 91' lang='lat' dir='ltr'>post</span> <span class='ocrx_word' id='word_1_144' title='bbox 688 2511 839 2596; x_wconf 74' lang='lat' dir='ltr'>torpori,</span> <span class='ocrx_word' id='word_1_145' title='bbox 877 2526 1029 2595; x_wconf 89' lang='lat' dir='ltr'>quaeque</span> <span class='ocrx_word' id='word_1_146' title='bbox 1065 2504 1176 2573; x_wconf 88' lang='lat' dir='ltr'>adhuc</span> 
     </span>
     <span class='ocr_line' id='line_1_21' title="bbox 147 2614 1173 2701; baseline 0.002 -25"><span class='ocrx_word' id='word_1_147' title='bbox 147 2614 309 2699; x_wconf 85' lang='lat' dir='ltr'>neglecta</span> <span class='ocrx_word' id='word_1_148' title='bbox 333 2616 459 2692; x_wconf 82' lang='lat' dir='ltr'>suerat,</span> <span class='ocrx_word' id='word_1_149' title='bbox 484 2616 552 2701; x_wconf 85' lang='lat' dir='ltr'>legi</span> <span class='ocrx_word' id='word_1_150' title='bbox 576 2615 722 2682; x_wconf 90' lang='lat' dir='ltr'>debere:</span> <span class='ocrx_word' id='word_1_151' title='bbox 760 2642 776 2677; x_wconf 88' lang='lat'>&lt;‹</span> <span class='ocrx_word' id='word_1_152' title='bbox 802 2615 844 2682; x_wconf 93' lang='lat' dir='ltr'>ad</span> <span class='ocrx_word' id='word_1_153' title='bbox 875 2616 940 2682; x_wconf 94' lang='lat' dir='ltr'>hoc</span> <span class='ocrx_word' id='word_1_154' title='bbox 973 2615 1082 2680; x_wconf 80' lang='lat' dir='ltr'>fessos</span> <span class='ocrx_word' id='word_1_155' title='bbox 1106 2615 1173 2680; x_wconf 89' lang='lat' dir='ltr'>iam</span> 
     </span>
     <span class='ocr_line' id='line_1_22' title="bbox 151 2715 1174 2810; baseline 0.009 -31"><span class='ocrx_word' id='word_1_156' title='bbox 151 2715 172 2781; x_wconf 64' lang='grc' dir='ltr'>ἑ(</span> <span class='ocrx_word' id='word_1_157' title='bbox 197 2721 326 2786; x_wconf 90' lang='lat' dir='ltr'>animos</span> <span class='ocrx_word' id='word_1_158' title='bbox 353 2723 537 2789; x_wconf 86' lang='lat' dir='ltr'>Sardorum</span> <span class='ocrx_word' id='word_1_159' title='bbox 561 2723 781 2790; x_wconf 88' lang='lat' dir='ltr'>diuturnitate</span> <span class='ocrx_word' id='word_1_160' title='bbox 805 2723 943 2810; x_wconf 76' lang='lat' dir='ltr'>Imperi</span> <span class='ocrx_word' id='word_1_161' title='bbox 966 2723 1127 2790; x_wconf 76' lang='lat' dir='ltr'>Romami</span> <span class='ocrx_word' id='word_1_162' title='bbox 1143 2729 1174 2788; x_wconf 86' lang='lat' dir='ltr'>et</span> 
     </span>
     <span class='ocr_line' id='line_1_23' title="bbox 149 2830 1170 2917; baseline 0.006 -30"><span class='ocrx_word' id='word_1_163' title='bbox 149 2853 170 2887; x_wconf 69' lang='grc' dir='ltr'><strong><em>ι</em></strong></span> <span class='ocrx_word' id='word_1_164' title='bbox 192 2830 365 2912; x_wconf 73' lang='lat' dir='ltr'>proeoz&#39;mo</span> <span class='ocrx_word' id='word_1_165' title='bbox 389 2831 431 2896; x_wconf 91' lang='lat' dir='ltr'>iis</span> <span class='ocrx_word' id='word_1_166' title='bbox 455 2849 544 2895; x_wconf 94' lang='lat' dir='ltr'>anno</span> <span class='ocrx_word' id='word_1_167' title='bbox 581 2832 703 2897; x_wconf 87' lang='lat' dir='ltr'>acerbe</span> <span class='ocrx_word' id='word_1_168' title='bbox 735 2837 834 2917; x_wconf 90' lang='lat' dir='ltr'>atque</span> <span class='ocrx_word' id='word_1_169' title='bbox 864 2850 968 2897; x_wconf 90' lang='lat' dir='ltr'>avare</span> <span class='ocrx_word' id='word_1_170' title='bbox 1000 2831 1170 2916; x_wconf 89' lang='lat' dir='ltr'>imperita-</span> 
     </span>
     <span class='ocr_line' id='line_1_24' title="bbox 149 2937 1168 3024; baseline 0.006 -29"><span class='ocrx_word' id='word_1_171' title='bbox 149 2961 171 2995; x_wconf 89' lang='lat'>«</span> <span class='ocrx_word' id='word_1_172' title='bbox 197 2942 284 3001; x_wconf 87' lang='lat' dir='ltr'>turn:</span> <span class='ocrx_word' id='word_1_173' title='bbox 304 2961 321 2997; x_wconf 86' lang='lat'>»</span> <span class='ocrx_word' id='word_1_174' title='bbox 349 2937 403 3003; x_wconf 87' lang='lat' dir='ltr'>Sic</span> <span class='ocrx_word' id='word_1_175' title='bbox 427 2937 515 3002; x_wconf 90' lang='lat' dir='ltr'>enim</span> <span class='ocrx_word' id='word_1_176' title='bbox 541 2945 573 3003; x_wconf 91' lang='lat' dir='ltr'>et</span> <span class='ocrx_word' id='word_1_177' title='bbox 596 2938 684 3024; x_wconf 92' lang='lat' dir='ltr'>apud</span> <span class='ocrx_word' id='word_1_178' title='bbox 701 2939 830 3003; x_wconf 87' lang='lat' dir='ltr'>Livium</span> <span class='ocrx_word' id='word_1_179' title='bbox 847 2937 1168 3016; x_wconf 57' lang='lat' dir='ltr'>assuescitque</span> 
     </span>
     <span class='ocr_line' id='line_1_25' title="bbox 146 3041 1169 3130; baseline 0 -24"><span class='ocrx_word' id='word_1_180' title='bbox 146 3041 188 3106; x_wconf 88' lang='lat' dir='ltr'>fit</span> <span class='ocrx_word' id='word_1_181' title='bbox 206 3042 336 3126; x_wconf 84' lang='lat' dir='ltr'>plenior</span> <span class='ocrx_word' id='word_1_182' title='bbox 353 3049 386 3110; x_wconf 92' lang='lat' dir='ltr'>et</span> <span class='ocrx_word' id='word_1_183' title='bbox 402 3044 532 3122; x_wconf 87' lang='lat' dir='ltr'>metior,</span> <span class='ocrx_word' id='word_1_184' title='bbox 549 3044 646 3110; x_wconf 86' lang='lat' dir='ltr'>sicuti</span> <span class='ocrx_word' id='word_1_185' title='bbox 670 3046 765 3112; x_wconf 85' lang='lat' dir='ltr'>iocus</span> <span class='ocrx_word' id='word_1_186' title='bbox 783 3050 898 3111; x_wconf 89' lang='lat' dir='ltr'>noster</span> <span class='ocrx_word' id='word_1_187' title='bbox 925 3041 1011 3130; x_wconf 90' lang='lat' dir='ltr'>apud</span> <span class='ocrx_word' id='word_1_188' title='bbox 1039 3042 1169 3109; x_wconf 90' lang='lat' dir='ltr'>Livium</span> 
     </span>
     <span class='ocr_line' id='line_1_26' title="bbox 144 3145 1172 3239; baseline 0.001 -25"><span class='ocrx_word' id='word_1_189' title='bbox 144 3149 296 3228; x_wconf 73' lang='lat'><strong>23‚32‚1‚</strong></span> <span class='ocrx_word' id='word_1_190' title='bbox 316 3151 374 3216; x_wconf 89' lang='lat' dir='ltr'>ubi</span> <span class='ocrx_word' id='word_1_191' title='bbox 398 3145 509 3218; x_wconf 88' lang='lat' dir='ltr'>adhuc</span> <span class='ocrx_word' id='word_1_192' title='bbox 531 3152 727 3219; x_wconf 87' lang='lat' dir='ltr'>necessario</span> <span class='ocrx_word' id='word_1_193' title='bbox 752 3152 881 3239; x_wconf 84' lang='lat' dir='ltr'>aliquid</span> <span class='ocrx_word' id='word_1_194' title='bbox 905 3151 1021 3230; x_wconf 84' lang='lat' dir='ltr'>defuit,</span> <span class='ocrx_word' id='word_1_195' title='bbox 1040 3151 1080 3216; x_wconf 87' lang='lat' dir='ltr'>ad</span> <span class='ocrx_word' id='word_1_196' title='bbox 1103 3153 1172 3237; x_wconf 91' lang='lat' dir='ltr'>pri·</span> 
     </span>
     <span class='ocr_line' id='line_1_27' title="bbox 145 3256 1170 3346; baseline 0.006 -28"><span class='ocrx_word' id='word_1_197' title='bbox 145 3256 273 3321; x_wconf 88' lang='lat' dir='ltr'>stiuam</span> <span class='ocrx_word' id='word_1_198' title='bbox 298 3263 391 3324; x_wconf 91' lang='lat' dir='ltr'>certe</span> <span class='ocrx_word' id='word_1_199' title='bbox 415 3261 644 3343; x_wconf 85' lang='lat' dir='ltr'>integritatem</span> <span class='ocrx_word' id='word_1_200' title='bbox 663 3261 923 3346; x_wconf 88' lang='lat' dir='ltr'>sanitatemque,</span> <span class='ocrx_word' id='word_1_201' title='bbox 942 3258 1170 3325; x_wconf 88' lang='lat' dir='ltr'>emendatione</span> 
     </span>
     <span class='ocr_line' id='line_1_28' title="bbox 145 3365 738 3451; baseline 0.01 -23"><span class='ocrx_word' id='word_1_202' title='bbox 145 3383 222 3429; x_wconf 90' lang='lat' dir='ltr'>mea</span> <span class='ocrx_word' id='word_1_203' title='bbox 246 3372 393 3451; x_wconf 86' lang='lat' dir='ltr'>recepta,</span> <span class='ocrx_word' id='word_1_204' title='bbox 419 3365 521 3435; x_wconf 84' lang='lat' dir='ltr'>facile</span> <span class='ocrx_word' id='word_1_205' title='bbox 545 3373 738 3434; x_wconf 82' lang='lat' dir='ltr'>revocatur.</span> 
     </span>
    </p>

    <p class='ocr_par' dir='ltr' id='par_1_4' title="bbox 94 3465 1174 4207">
     <span class='ocr_line' id='line_1_29' title="bbox 94 3465 1169 3560; baseline 0.003 -25"><span class='ocrx_word' id='word_1_206' title='bbox 94 3538 99 3544; x_wconf 74' lang='grc'><strong><em>,</em></strong></span> <span class='ocrx_word' id='word_1_207' title='bbox 193 3465 269 3536; x_wconf 91' lang='lat' dir='ltr'>Noli</span> <span class='ocrx_word' id='word_1_208' title='bbox 292 3477 403 3537; x_wconf 91' lang='lat' dir='ltr'>autem</span> <span class='ocrx_word' id='word_1_209' title='bbox 427 3472 558 3553; x_wconf 90' lang='lat' dir='ltr'>mirari,</span> <span class='ocrx_word' id='word_1_210' title='bbox 585 3481 621 3540; x_wconf 93' lang='lat' dir='ltr'>ut</span> <span class='ocrx_word' id='word_1_211' title='bbox 656 3474 720 3541; x_wconf 88' lang='lat' dir='ltr'>hoc</span> <span class='ocrx_word' id='word_1_212' title='bbox 754 3481 958 3560; x_wconf 86' lang='lat' dir='ltr'>postremum</span> <span class='ocrx_word' id='word_1_213' title='bbox 997 3493 1169 3552; x_wconf 89' lang='lat' dir='ltr'>moneam,</span> 
     </span>
     <span class='ocr_line' id='line_1_30' title="bbox 149 3578 1169 3649; baseline 0.003 -6"><span class='ocrx_word' id='word_1_214' title='bbox 149 3578 286 3644; x_wconf 87' lang='lat' dir='ltr'>Livium</span> <span class='ocrx_word' id='word_1_215' title='bbox 303 3579 359 3645; x_wconf 87' lang='lat' dir='ltr'>ubi</span> <span class='ocrx_word' id='word_1_216' title='bbox 372 3581 510 3646; x_wconf 84' lang='lat' dir='ltr'>volones</span> <span class='ocrx_word' id='word_1_217' title='bbox 530 3580 579 3646; x_wconf 83' lang='lat' dir='ltr'>itti</span> <span class='ocrx_word' id='word_1_218' title='bbox 605 3581 840 3649; x_wconf 90' lang='lat' dir='ltr'>conscribendi</span> <span class='ocrx_word' id='word_1_219' title='bbox 858 3586 971 3647; x_wconf 88' lang='lat' dir='ltr'>essent</span> <span class='ocrx_word' id='word_1_220' title='bbox 992 3581 1169 3648; x_wconf 87' lang='lat' dir='ltr'>tradidisse</span> 
     </span>
     <span class='ocr_line' id='line_1_31' title="bbox 146 3684 1174 3777; baseline 0.004 -28"><span class='ocrx_word' id='word_1_221' title='bbox 146 3684 294 3770; x_wconf 85' lang='lat' dir='ltr'>quidem,</span> <span class='ocrx_word' id='word_1_222' title='bbox 314 3685 373 3751; x_wconf 90' lang='lat' dir='ltr'>sed</span> <span class='ocrx_word' id='word_1_223' title='bbox 390 3707 456 3752; x_wconf 90' lang='lat' dir='ltr'>non</span> <span class='ocrx_word' id='word_1_224' title='bbox 480 3689 608 3754; x_wconf 84' lang='lat' dir='ltr'>dixisse</span> <span class='ocrx_word' id='word_1_225' title='bbox 624 3711 644 3755; x_wconf 87' lang='lat' dir='ltr'>a</span> <span class='ocrx_word' id='word_1_226' title='bbox 661 3711 725 3776; x_wconf 91' lang='lat' dir='ltr'>quo</span> <span class='ocrx_word' id='word_1_227' title='bbox 743 3691 941 3777; x_wconf 81' lang='lat' dir='ltr'>magistratu</span> <span class='ocrx_word' id='word_1_228' title='bbox 958 3694 1069 3756; x_wconf 89' lang='lat' dir='ltr'>essent</span> <span class='ocrx_word' id='word_1_229' title='bbox 1086 3708 1174 3755; x_wconf 91' lang='lat' dir='ltr'>con-</span> 
     </span>
     <span class='ocr_line' id='line_1_32' title="bbox 147 3793 1163 3882; baseline 0.009 -27"><span class='ocrx_word' id='word_1_230' title='bbox 147 3793 331 3858; x_wconf 89' lang='lat' dir='ltr'>scribendi.</span> <span class='ocrx_word' id='word_1_231' title='bbox 351 3795 499 3880; x_wconf 87' lang='lat' dir='ltr'>Namque</span> <span class='ocrx_word' id='word_1_232' title='bbox 517 3817 556 3862; x_wconf 90' lang='lat' dir='ltr'>ea</span> <span class='ocrx_word' id='word_1_233' title='bbox 572 3817 672 3882; x_wconf 90' lang='lat' dir='ltr'>saepe</span> <span class='ocrx_word' id='word_1_234' title='bbox 695 3799 889 3865; x_wconf 89' lang='lat' dir='ltr'>necessario</span> <span class='ocrx_word' id='word_1_235' title='bbox 906 3797 1163 3875; x_wconf 87' lang='lat' dir='ltr'>subaudiuntur,</span> 
     </span>
     <span class='ocr_line' id='line_1_33' title="bbox 147 3893 1170 3992; baseline 0.008 -29"><span class='ocrx_word' id='word_1_236' title='bbox 147 3893 377 3986; x_wconf 85' lang='lat' dir='ltr'>quaecumque</span> <span class='ocrx_word' id='word_1_237' title='bbox 391 3903 424 3968; x_wconf 94' lang='lat' dir='ltr'>in</span> <span class='ocrx_word' id='word_1_238' title='bbox 441 3905 672 3971; x_wconf 87' lang='lat' dir='ltr'>Romanorum</span> <span class='ocrx_word' id='word_1_239' title='bbox 690 3907 797 3992; x_wconf 87' lang='lat' dir='ltr'>posita</span> <span class='ocrx_word' id='word_1_240' title='bbox 816 3927 910 3973; x_wconf 91' lang='lat' dir='ltr'>more</span> <span class='ocrx_word' id='word_1_241' title='bbox 929 3912 1024 3973; x_wconf 88' lang='lat' dir='ltr'>certa</span> <span class='ocrx_word' id='word_1_242' title='bbox 1040 3907 1170 3972; x_wconf 88' lang='lat' dir='ltr'>ratione</span> 
     </span>
     <span class='ocr_line' id='line_1_34' title="bbox 147 4009 1171 4101; baseline 0.009 -32"><span class='ocrx_word' id='word_1_243' title='bbox 147 4009 418 4080; x_wconf 87' lang='lat' dir='ltr'>constantissime</span> <span class='ocrx_word' id='word_1_244' title='bbox 435 4033 535 4098; x_wconf 92' lang='lat' dir='ltr'>quum</span> <span class='ocrx_word' id='word_1_245' title='bbox 561 4012 693 4090; x_wconf 88' lang='lat' dir='ltr'>fierent,</span> <span class='ocrx_word' id='word_1_246' title='bbox 712 4032 810 4080; x_wconf 91' lang='lat' dir='ltr'>nemo</span> <span class='ocrx_word' id='word_1_247' title='bbox 825 4015 1057 4081; x_wconf 89' lang='lat' dir='ltr'>Romanorum</span> <span class='ocrx_word' id='word_1_248' title='bbox 1069 4015 1171 4101; x_wconf 86' lang='lat' dir='ltr'>igno-</span> 
     </span>
     <span class='ocr_line' id='line_1_35' title="bbox 146 4113 1171 4207; baseline 0.009 -30"><span class='ocrx_word' id='word_1_249' title='bbox 146 4113 246 4180; x_wconf 87' lang='lat' dir='ltr'>rabat</span> <span class='ocrx_word' id='word_1_250' title='bbox 270 4117 541 4206; x_wconf 83' lang='lat' dir='ltr'>requirebatque.</span> <span class='ocrx_word' id='word_1_251' title='bbox 568 4121 689 4200; x_wconf 89' lang='lat' dir='ltr'>Quare,</span> <span class='ocrx_word' id='word_1_252' title='bbox 717 4142 819 4207; x_wconf 91' lang='lat' dir='ltr'>quum</span> <span class='ocrx_word' id='word_1_253' title='bbox 843 4122 896 4189; x_wconf 90' lang='lat' dir='ltr'>ius</span> <span class='ocrx_word' id='word_1_254' title='bbox 922 4123 1065 4191; x_wconf 88' lang='lat' dir='ltr'>militum</span> <span class='ocrx_word' id='word_1_255' title='bbox 1089 4121 1171 4187; x_wconf 88' lang='lat' dir='ltr'>scri-</span> 
     </span>
    </p>
   </div>
   <div class='ocr_carea' id='block_1_4' title="bbox 0 0 1532 5096">
    <p class='ocr_par' dir='ltr' id='par_1_5' title="bbox 0 0 1532 5096">
     <span class='ocr_line' id='line_1_36' title="bbox 0 0 1532 5096; baseline 0 0"><span class='ocrx_word' id='word_1_256' title='bbox 0 0 1532 5096; x_wconf 95' lang='lat' dir='ltr'> </span> 
     </span>
    </p>
   </div>
  </div>
 </body>
</html>
