3164 5104
576 894 657 977 AD
688 893 1057 977 CATULLUM
1095 908 1222 993 29‚²0

863 1100 942 1114 *na-

762 1579 930 1648 CAPUT
961 1579 1042 1648 ΙΙΙ.

481 1993 508 2060 I.
533 1991 639 2058 Huius
671 2011 790 2059 vorsus
825 1991 897 2058 fata
927 1989 1093 2078 specimen
1119 1988 1281 2055 exhibent
1302 1989 1405 2056 lucu-

393 2100 618 2166 lentissimum
635 2099 821 2166 facinorum
836 2118 856 2163 a
872 2099 1010 2176 criticis,
1035 2101 1069 2163 in
1091 2097 1274 2183 pensandis
1291 2119 1407 2164 emcn-

348 2197 352 2205 “
393 2207 576 2292 dandisque
599 2213 750 2273 veterum
774 2208 915 2292 scriptis,
933 2205 1163 2271 admissorum.
1179 2204 1255 2282 Sed,
1283 2227 1322 2271 ea
1345 2226 1407 2271 an-

391 2320 524 2401 tequam
540 2315 732 2401 inspicimus
746 2333 1029 2399 recensemusque,
1044 2333 1163 2379 moneo
1177 2333 1285 2398 nuper
1297 2313 1404 2379 fuisse

391 2423 448 2508 qui
471 2441 646 2508 perperam
670 2419 886 2487 contenderet
910 2420 974 2486 hoc
1005 2439 1143 2487 carmen
1180 2440 1302 2486 revera
1336 2419 1403 2485 duo

392 2549 465 2596 esse
501 2530 659 2607 carmina,
695 2549 715 2594 a
745 2529 893 2594 librariis
916 2527 997 2594 olim
1020 2530 1056 2595 in
1081 2549 1185 2594 unum
1209 2527 1298 2594 falso
1323 2548 1405 2594 con·

392 2638 526 2717 iuncta;
553 2637 643 2723 prins
661 2643 772 2703 autem
789 2656 926 2702 carmen
943 2642 1099 2702 constare
1122 2655 1166 2700 ex
1190 2634 1303 2701 decem
1320 2656 1400 2701 ver-

391 2743 492 2821 sibus,
517 2743 659 2809 alterum
684 2764 726 2809 ex
749 2743 899 2828 reliquis.
925 2742 1011 2829 (Otto
1027 2743 1123 2815 labn,
1143 2731 1283 2808 Hermes
1300 2741 1402 2819 2240

392 2849 512 2939 seqq.).
535 2851 637 2916 Cuius
660 2857 773 2916 tamen
797 2851 848 2915 rei
872 2850 952 2916 satis
976 2850 1019 2914 sit
1041 2851 1076 2914 in
1105 2851 1294 2934 praesentia
1311 2869 1403 2914 men-

391 2959 517 3025 tionem
550 2958 658 3024 obiter
692 2957 870 3036 iniecisse,
908 2976 951 3021 ne
990 2957 1063 3043 quis
1097 2956 1185 3023 forte
1223 2957 1270 3022 ita
1308 2962 1404 3023 antu-

392 3071 469 3143 met,
494 3066 669 3150 ignorasse
685 3084 738 3130 me
765 3070 824 3130 aut
850 3063 1053 3148 neglexisse,
1072 3065 1101 3128 si
1128 3063 1223 3141 llaec,
1247 3065 1400 3148 quamvis

393 3191 413 3238 a
435 3172 602 3259 proposito
637 3171 719 3237 mihi
743 3189 834 3237 nunc
856 3171 973 3237 labore
999 3171 1121 3250 aliena,
1146 3171 1278 3236 silentio
1305 3191 1402 3258 prae·

392 3280 560 3345 terissem.
1137 3352 1140 3358 ¹
1393 3349 1395 3354 ,

436 3384 533 3452 Nunc
556 3386 663 3474 ipsum
687 3405 822 3454 carmen
845 3405 950 3472 usque
974 3385 1017 3453 ad
1045 3388 1240 3455 vicesimum
1264 3406 1400 3454 versum

393 3491 569 3562 adscribo:

400 3699 409 3718 ·
432 3667 507 3746 Quis
527 3673 583 3734 hoc
603 3676 702 3751 potest
723 3671 847 3748 videre,
871 3669 939 3750 quis
959 3678 1057 3751 potest
1077 3675 1138 3751 pati
1159 3706 1199 3720 -
1220 3672 1283 3736 Nisi
1303 3677 1402 3753 impu·

392 3765 476 3830 dicus
497 3775 527 3830 et
547 3790 642 3831 vorax
663 3778 694 3831 et
715 3772 790 3845 aleo,
824 3801 864 3816 -
894 3772 1079 3831 Mamurram
1110 3773 1219 3832 habere
1241 3774 1320 3850 quod
1342 3775 1401 3834 co-

285 3853 287 3860 ’
391 3871 472 3926 mata
493 3867 788 3929 Gallia-Habebat
801 3874 910 3928 anteet
923 3870 1026 3930 ultima
1039 3871 1104 3930 Bm
1105 3870 1258 3931 annial-
1269 3872 1401 3932 Cinaede

390 3962 518 4025 Romule
539 3965 612 4026 baec
632 3967 752 4028 videbis
774 3974 804 4027 et
824 3967 988 4028 feresi-
1018 3969 1057 4030 Et
1078 3969 1130 4028 ille
1151 3987 1229 4029 nunc
1250 3973 1403 4048 superbus

391 4070 422 4126 et
443 4062 630 4139 superfluens
650 4097 690 4113 -
703 4066 925 4127 perambulabit
945 4068 1076 4128 omnium
1094 4068 1207 4129 cubilia
1227 4100 1268 4115 —
1288 4071 1329 4129 Ut
1351 4069 1402 4130 al-
