<?xml version="1.0" encoding="UTF-8"?>
<!DOCTYPE html PUBLIC "-//W3C//DTD XHTML 1.0 Transitional//EN"
    "http://www.w3.org/TR/xhtml1/DTD/xhtml1-transitional.dtd">
<html xmlns="http://www.w3.org/1999/xhtml" xml:lang="en" lang="en">
 <head>
  <title>
</title>
<meta http-equiv="Content-Type" content="text/html;charset=utf-8" />
  <meta name='ocr-system' content='tesseract 3.04.00' />
  <meta name='ocr-capabilities' content='ocr_page ocr_carea ocr_par ocr_line ocrx_word'/>
</head>
<body>
  <div class='ocr_page' id='page_1' title='image "animadversiones00tartgoog_0013.png"; bbox 0 0 3164 5104; ppageno 0'>
   <div class='ocr_carea' id='block_1_1' title="bbox 390 495 1013 562">
    <p class='ocr_par' dir='ltr' id='par_1_1' title="bbox 390 495 1013 562">
     <span class='ocr_line' id='line_1_1' title="bbox 390 495 1013 562; baseline -0.011 -7"><span class='ocrx_word' id='word_1_1' title='bbox 390 495 408 555; x_wconf 82' lang='lat'>6</span> <span class='ocrx_word' id='word_1_2' title='bbox 704 510 741 549; x_wconf 76' lang='lat' dir='ltr'>Ao</span> <span class='ocrx_word' id='word_1_3' title='bbox 760 511 909 550; x_wconf 64' lang='lat' dir='ltr'>osrocnuu</span> <span class='ocrx_word' id='word_1_4' title='bbox 927 497 953 562; x_wconf 86' lang='grc'>2,</span> <span class='ocrx_word' id='word_1_5' title='bbox 962 496 1013 548; x_wconf 87' lang='grc'>7-8</span> 
     </span>
    </p>
   </div>
   <div class='ocr_carea' id='block_1_2' title="bbox 321 607 1371 818">
    <p class='ocr_par' dir='ltr' id='par_1_2' title="bbox 321 607 1371 818">
     <span class='ocr_line' id='line_1_2' title="bbox 357 607 1371 708; baseline -0.005 -17"><span class='ocrx_word' id='word_1_6' title='bbox 357 625 400 692; x_wconf 86' lang='lat' dir='ltr'>ad</span> <span class='ocrx_word' id='word_1_7' title='bbox 433 641 553 689; x_wconf 83' lang='lat' dir='ltr'>versus</span> <span class='ocrx_word' id='word_1_8' title='bbox 590 622 765 708; x_wconf 85' lang='lat' dir='ltr'>septimum</span> <span class='ocrx_word' id='word_1_9' title='bbox 800 627 832 686; x_wconf 80' lang='lat' dir='ltr'>et</span> <span class='ocrx_word' id='word_1_10' title='bbox 867 628 1022 687; x_wconf 75' lang='lat' dir='ltr'>octavum</span> <span class='ocrx_word' id='word_1_11' title='bbox 1057 607 1164 696; x_wconf 76' lang='lat' dir='ltr'>loric,</span> <span class='ocrx_word' id='word_1_12' title='bbox 1202 641 1285 706; x_wconf 88' lang='lat' dir='ltr'>quos</span> <span class='ocrx_word' id='word_1_13' title='bbox 1320 621 1371 687; x_wconf 79' lang='lat' dir='ltr'>ita</span> 
     </span>
     <span class='ocr_line' id='line_1_3' title="bbox 321 729 854 818; baseline -0.009 -19"><span class='ocrx_word' id='word_1_14' title='bbox 321 775 324 787; x_wconf 88' lang='lat'>·</span> <span class='ocrx_word' id='word_1_15' title='bbox 356 733 498 818; x_wconf 83' lang='lat' dir='ltr'>scriptos</span> <span class='ocrx_word' id='word_1_16' title='bbox 522 730 683 796; x_wconf 82' lang='lat' dir='ltr'>exhibent</span> <span class='ocrx_word' id='word_1_17' title='bbox 706 729 854 794; x_wconf 87' lang='lat' dir='ltr'>codices:</span> 
     </span>
    </p>
   </div>
   <div class='ocr_carea' id='block_1_3' title="bbox 559 925 1216 1109">
    <p class='ocr_par' dir='ltr' id='par_1_3' title="bbox 559 925 1216 1109">
     <span class='ocr_line' id='line_1_4' title="bbox 563 925 1032 986; baseline -0.002 -2"><span class='ocrx_word' id='word_1_18' title='bbox 563 945 576 984; x_wconf 81' lang='lat' dir='ltr'>u</span> <span class='ocrx_word' id='word_1_19' title='bbox 598 927 637 986; x_wconf 89' lang='lat' dir='ltr'>Et</span> <span class='ocrx_word' id='word_1_20' title='bbox 658 926 832 984; x_wconf 82' lang='lat' dir='ltr'>solaciolum</span> <span class='ocrx_word' id='word_1_21' title='bbox 854 926 899 986; x_wconf 89' lang='lat' dir='ltr'>sui</span> <span class='ocrx_word' id='word_1_22' title='bbox 920 925 1032 985; x_wconf 92' lang='lat' dir='ltr'>doloris</span> 
     </span>
     <span class='ocr_line' id='line_1_5' title="bbox 559 1024 1216 1109; baseline -0.006 -25"><span class='ocrx_word' id='word_1_23' title='bbox 559 1027 657 1086; x_wconf 84' lang='lat' dir='ltr'>Credo</span> <span class='ocrx_word' id='word_1_24' title='bbox 678 1043 746 1109; x_wconf 90' lang='lat' dir='ltr'>cum</span> <span class='ocrx_word' id='word_1_25' title='bbox 767 1024 871 1101; x_wconf 81' lang='lat' dir='ltr'>gravis</span> <span class='ocrx_word' id='word_1_26' title='bbox 893 1025 1063 1100; x_wconf 84' lang='lat' dir='ltr'>acquiescat</span> <span class='ocrx_word' id='word_1_27' title='bbox 1084 1025 1216 1087; x_wconf 83' lang='lat' dir='ltr'>ardor.»</span> 
     </span>
    </p>
   </div>
   <div class='ocr_carea' id='block_1_4' title="bbox 360 1199 1381 2152">
    <p class='ocr_par' dir='ltr' id='par_1_4' title="bbox 360 1199 1377 1722">
     <span class='ocr_line' id='line_1_6' title="bbox 407 1199 1373 1292; baseline -0.001 -15"><span class='ocrx_word' id='word_1_28' title='bbox 407 1213 581 1290; x_wconf 82' lang='lat' dir='ltr'>Quidnam,</span> <span class='ocrx_word' id='word_1_29' title='bbox 607 1213 757 1289; x_wconf 89' lang='lat' dir='ltr'>obsecro,</span> <span class='ocrx_word' id='word_1_30' title='bbox 795 1213 857 1275; x_wconf 90' lang='lat' dir='ltr'>sibi</span> <span class='ocrx_word' id='word_1_31' title='bbox 892 1211 1012 1276; x_wconf 79' lang='lat' dir='ltr'>volunt</span> <span class='ocrx_word' id='word_1_32' title='bbox 1043 1211 1278 1292; x_wconf 74' lang='lat' dir='ltr'>haecrNihil,</span> <span class='ocrx_word' id='word_1_33' title='bbox 1305 1199 1373 1278; x_wconf 79' lang='lat' dir='ltr'>nisi</span> 
     </span>
     <span class='ocr_line' id='line_1_7' title="bbox 360 1317 1377 1408; baseline -0.002 -23"><span class='ocrx_word' id='word_1_34' title='bbox 360 1323 453 1408; x_wconf 88' lang='lat' dir='ltr'>prius</span> <span class='ocrx_word' id='word_1_35' title='bbox 470 1318 701 1394; x_wconf 76' lang='lat' dir='ltr'>emendentur,</span> <span class='ocrx_word' id='word_1_36' title='bbox 721 1317 889 1404; x_wconf 84' lang='lat' dir='ltr'>quodiam</span> <span class='ocrx_word' id='word_1_37' title='bbox 913 1318 1041 1402; x_wconf 84' lang='lat' dir='ltr'>pridem</span> <span class='ocrx_word' id='word_1_38' title='bbox 1064 1324 1272 1405; x_wconf 80' lang='lat' dir='ltr'>perspectum</span> <span class='ocrx_word' id='word_1_39' title='bbox 1287 1325 1377 1384; x_wconf 78' lang='lat' dir='ltr'>tem·</span> 
     </span>
     <span class='ocr_line' id='line_1_8' title="bbox 362 1422 1374 1514; baseline -0.003 -21"><span class='ocrx_word' id='word_1_40' title='bbox 362 1436 554 1514; x_wconf 70' lang='lat' dir='ltr'>pratumque</span> <span class='ocrx_word' id='word_1_41' title='bbox 590 1432 652 1491; x_wconf 82' lang='lat' dir='ltr'>est.</span> <span class='ocrx_word' id='word_1_42' title='bbox 686 1424 750 1490; x_wconf 89' lang='lat' dir='ltr'>Sed</span> <span class='ocrx_word' id='word_1_43' title='bbox 773 1445 816 1488; x_wconf 92' lang='lat' dir='ltr'>ne</span> <span class='ocrx_word' id='word_1_44' title='bbox 840 1422 1005 1489; x_wconf 80' lang='lat' dir='ltr'>emendati</span> <span class='ocrx_word' id='word_1_45' title='bbox 1030 1425 1172 1509; x_wconf 86' lang='lat' dir='ltr'>quidem,</span> <span class='ocrx_word' id='word_1_46' title='bbox 1198 1445 1272 1491; x_wconf 80' lang='lat' dir='ltr'>mea</span> <span class='ocrx_word' id='word_1_47' title='bbox 1296 1446 1374 1491; x_wconf 89' lang='lat' dir='ltr'>sen·</span> 
     </span>
     <span class='ocr_line' id='line_1_9' title="bbox 362 1533 1371 1616; baseline -0.005 -15"><span class='ocrx_word' id='word_1_48' title='bbox 362 1537 477 1611; x_wconf 79' lang='lat' dir='ltr'>tentia,</span> <span class='ocrx_word' id='word_1_49' title='bbox 496 1554 570 1600; x_wconf 90' lang='lat' dir='ltr'>cum</span> <span class='ocrx_word' id='word_1_50' title='bbox 587 1535 710 1598; x_wconf 83' lang='lat' dir='ltr'>ceteris</span> <span class='ocrx_word' id='word_1_51' title='bbox 728 1537 929 1615; x_wconf 80' lang='lat' dir='ltr'>congruunt.</span> <span class='ocrx_word' id='word_1_52' title='bbox 945 1533 1017 1616; x_wconf 81' lang='lat' dir='ltr'>Age</span> <span class='ocrx_word' id='word_1_53' title='bbox 1034 1552 1114 1598; x_wconf 86' lang='lat' dir='ltr'>vero</span> <span class='ocrx_word' id='word_1_54' title='bbox 1131 1552 1371 1598; x_wconf 79' lang='lat' dir='ltr'>recenseamus</span> 
     </span>
     <span class='ocr_line' id='line_1_10' title="bbox 365 1643 1177 1722; baseline -0.01 -16"><span class='ocrx_word' id='word_1_55' title='bbox 365 1643 559 1708; x_wconf 81' lang='lat' dir='ltr'>criticorum</span> <span class='ocrx_word' id='word_1_56' title='bbox 584 1645 781 1704; x_wconf 80' lang='lat' dir='ltr'>commenta.</span> <span class='ocrx_word' id='word_1_57' title='bbox 1172 1711 1177 1722; x_wconf 32' lang='grc' dir='ltr'><strong><em>Ι</em></strong></span> 
     </span>
    </p>

    <p class='ocr_par' dir='ltr' id='par_1_5' title="bbox 364 1745 1381 2152">
     <span class='ocr_line' id='line_1_11' title="bbox 409 1745 1374 1832; baseline -0.002 -19"><span class='ocrx_word' id='word_1_58' title='bbox 409 1749 547 1814; x_wconf 82' lang='lat' dir='ltr'>Missam</span> <span class='ocrx_word' id='word_1_59' title='bbox 572 1747 660 1816; x_wconf 81' lang='lat' dir='ltr'>secio</span> <span class='ocrx_word' id='word_1_60' title='bbox 687 1745 857 1830; x_wconf 85' lang='lat' dir='ltr'>Spengelii</span> <span class='ocrx_word' id='word_1_61' title='bbox 883 1747 1095 1821; x_wconf 83' lang='lat' dir='ltr'>sententiam,</span> <span class='ocrx_word' id='word_1_62' title='bbox 1121 1747 1277 1811; x_wconf 82' lang='lat' dir='ltr'>arbitrati</span> <span class='ocrx_word' id='word_1_63' title='bbox 1299 1755 1374 1832; x_wconf 85' lang='lat' dir='ltr'>post</span> 
     </span>
     <span class='ocr_line' id='line_1_12' title="bbox 364 1851 1381 1938; baseline -0.003 -19"><span class='ocrx_word' id='word_1_64' title='bbox 364 1874 500 1920; x_wconf 82' lang='lat' dir='ltr'>versum</span> <span class='ocrx_word' id='word_1_65' title='bbox 516 1854 700 1938; x_wconf 80' lang='lat' dir='ltr'>septimum</span> <span class='ocrx_word' id='word_1_66' title='bbox 724 1851 850 1934; x_wconf 87' lang='lat' dir='ltr'>aliquid</span> <span class='ocrx_word' id='word_1_67' title='bbox 878 1851 1006 1916; x_wconf 86' lang='lat' dir='ltr'>deesse.</span> <span class='ocrx_word' id='word_1_68' title='bbox 1034 1853 1115 1917; x_wconf 85' lang='lat' dir='ltr'>Item</span> <span class='ocrx_word' id='word_1_69' title='bbox 1140 1855 1284 1932; x_wconf 85' lang='lat' dir='ltr'>Heinsii‚</span> <span class='ocrx_word' id='word_1_70' title='bbox 1304 1856 1381 1938; x_wconf 93' lang='lat' dir='ltr'>opi·-</span> 
     </span>
     <span class='ocr_line' id='line_1_13' title="bbox 364 1957 1376 2045; baseline -0.004 -18"><span class='ocrx_word' id='word_1_71' title='bbox 364 1963 435 2027; x_wconf 77' lang='lat' dir='ltr'>n-ati</span> <span class='ocrx_word' id='word_1_72' title='bbox 465 1967 536 2045; x_wconf 84' lang='lat' dir='ltr'>post</span> <span class='ocrx_word' id='word_1_73' title='bbox 565 1964 718 2023; x_wconf 83' lang='lat' dir='ltr'>octavum</span> <span class='ocrx_word' id='word_1_74' title='bbox 748 1976 886 2021; x_wconf 89' lang='lat' dir='ltr'>versum</span> <span class='ocrx_word' id='word_1_75' title='bbox 910 1957 1077 2023; x_wconf 83' lang='lat' dir='ltr'>excidisse</span> <span class='ocrx_word' id='word_1_76' title='bbox 1100 1979 1236 2023; x_wconf 83' lang='lat' dir='ltr'>versum</span> <span class='ocrx_word' id='word_1_77' title='bbox 1261 1979 1376 2043; x_wconf 89' lang='lat' dir='ltr'>quem·</span> 
     </span>
     <span class='ocr_line' id='line_1_14' title="bbox 366 2065 1062 2152; baseline -0.006 -19"><span class='ocrx_word' id='word_1_78' title='bbox 366 2069 451 2152; x_wconf 87' lang='lat' dir='ltr'>dam,</span> <span class='ocrx_word' id='word_1_79' title='bbox 477 2066 517 2131; x_wconf 90' lang='lat' dir='ltr'>de</span> <span class='ocrx_word' id='word_1_80' title='bbox 542 2086 605 2149; x_wconf 92' lang='lat' dir='ltr'>quo</span> <span class='ocrx_word' id='word_1_81' title='bbox 630 2083 708 2128; x_wconf 82' lang='lat' dir='ltr'>mox</span> <span class='ocrx_word' id='word_1_82' title='bbox 733 2083 842 2128; x_wconf 88' lang='lat' dir='ltr'>sermo</span> <span class='ocrx_word' id='word_1_83' title='bbox 866 2065 931 2127; x_wconf 76' lang='lat' dir='ltr'>erit</span> <span class='ocrx_word' id='word_1_84' title='bbox 954 2065 1062 2129; x_wconf 91' lang='lat' dir='ltr'>nohis.</span> 
     </span>
    </p>
   </div>
   <div class='ocr_carea' id='block_1_5' title="bbox 367 2167 1383 2345">
    <p class='ocr_par' dir='ltr' id='par_1_6' title="bbox 367 2167 1383 2345">
     <span class='ocr_line' id='line_1_15' title="bbox 410 2167 1383 2255; baseline 0 -17"><span class='ocrx_word' id='word_1_85' title='bbox 410 2177 519 2239; x_wconf 90' lang='lat' dir='ltr'>Porro</span> <span class='ocrx_word' id='word_1_86' title='bbox 543 2174 636 2255; x_wconf 79' lang='lat' dir='ltr'>Bapt.</span> <span class='ocrx_word' id='word_1_87' title='bbox 661 2167 803 2234; x_wconf 84' lang='lat' dir='ltr'>Guarin.</span> <span class='ocrx_word' id='word_1_88' title='bbox 830 2171 963 2234; x_wconf 87' lang='lat' dir='ltr'>censuit</span> <span class='ocrx_word' id='word_1_89' title='bbox 988 2171 1201 2236; x_wconf 89' lang='lat' dir='ltr'>scribendum</span> <span class='ocrx_word' id='word_1_90' title='bbox 1226 2193 1298 2238; x_wconf 88' lang='lat' dir='ltr'>esse</span> <span class='ocrx_word' id='word_1_91' title='bbox 1322 2191 1383 2238; x_wconf 76' lang='lat' dir='ltr'>oc-</span> 
     </span>
     <span class='ocr_line' id='line_1_16' title="bbox 367 2278 751 2345; baseline -0.016 0"><span class='ocrx_word' id='word_1_92' title='bbox 367 2289 501 2345; x_wconf 82' lang='lat' dir='ltr'>clavum</span> <span class='ocrx_word' id='word_1_93' title='bbox 524 2296 660 2342; x_wconf 86' lang='lat' dir='ltr'>versum</span> <span class='ocrx_word' id='word_1_94' title='bbox 683 2278 751 2340; x_wconf 77' lang='lat' dir='ltr'>ita:</span> 
     </span>
    </p>
   </div>
   <div class='ocr_carea' id='block_1_6' title="bbox 413 2430 1233 2688">
    <p class='ocr_par' dir='ltr' id='par_1_7' title="bbox 413 2430 1233 2688">
     <span class='ocr_line' id='line_1_17' title="bbox 490 2430 1233 2531; baseline 0.008 -21"><span class='ocrx_word' id='word_1_95' title='bbox 490 2477 505 2510; x_wconf 68' lang='lat' dir='ltr'>c</span> <span class='ocrx_word' id='word_1_96' title='bbox 530 2454 628 2513; x_wconf 88' lang='lat' dir='ltr'>Credo</span> <span class='ocrx_word' id='word_1_97' title='bbox 650 2461 685 2511; x_wconf 82' lang='lat' dir='ltr'>ut</span> <span class='ocrx_word' id='word_1_98' title='bbox 707 2461 773 2511; x_wconf 79' lang='lat' dir='ltr'>tum</span> <span class='ocrx_word' id='word_1_99' title='bbox 789 2456 890 2530; x_wconf 83' lang='lat' dir='ltr'>gravis</span> <span class='ocrx_word' id='word_1_100' title='bbox 911 2456 1080 2531; x_wconf 83' lang='lat' dir='ltr'>acquiescat</span> <span class='ocrx_word' id='word_1_101' title='bbox 1102 2430 1233 2516; x_wconf 78' lang='lat' dir='ltr'>nudor»</span> 
     </span>
     <span class='ocr_line' id='line_1_18' title="bbox 413 2621 715 2688; baseline -0.003 -2"><span class='ocrx_word' id='word_1_102' title='bbox 413 2621 623 2688; x_wconf 83' lang='lat' dir='ltr'>Schraderus</span> <span class='ocrx_word' id='word_1_103' title='bbox 647 2621 715 2686; x_wconf 75' lang='lat' dir='ltr'>ila:</span> 
     </span>
    </p>
   </div>
   <div class='ocr_carea' id='block_1_7' title="bbox 492 2800 951 2874">
    <p class='ocr_par' dir='ltr' id='par_1_8' title="bbox 492 2800 951 2874">
     <span class='ocr_line' id='line_1_19' title="bbox 492 2800 951 2874; baseline 0 -16"><span class='ocrx_word' id='word_1_104' title='bbox 492 2824 507 2858; x_wconf 72' lang='grc' dir='ltr'>«ι</span> <span class='ocrx_word' id='word_1_105' title='bbox 531 2801 630 2860; x_wconf 88' lang='lat' dir='ltr'>Credo</span> <span class='ocrx_word' id='word_1_106' title='bbox 650 2800 700 2858; x_wconf 77' lang='lat' dir='ltr'>uti</span> <span class='ocrx_word' id='word_1_107' title='bbox 714 2801 834 2874; x_wconf 73' lang='lat' dir='ltr'>yruuis,</span> <span class='ocrx_word' id='word_1_108' title='bbox 855 2817 951 2858; x_wconf 81' lang='lat' dir='ltr'>ecc.»</span> 
     </span>
    </p>
   </div>
   <div class='ocr_carea' id='block_1_8' title="bbox 411 2972 719 3056">
    <p class='ocr_par' dir='ltr' id='par_1_9' title="bbox 411 2972 719 3056">
     <span class='ocr_line' id='line_1_20' title="bbox 411 2972 719 3056; baseline -0.019 -17"><span class='ocrx_word' id='word_1_109' title='bbox 411 2972 628 3056; x_wconf 79' lang='lat' dir='ltr'>Verburgius</span> <span class='ocrx_word' id='word_1_110' title='bbox 652 2972 719 3036; x_wconf 79' lang='lat' dir='ltr'>ila:</span> 
     </span>
    </p>
   </div>
   <div class='ocr_carea' id='block_1_9' title="bbox 493 3145 979 3220">
    <p class='ocr_par' dir='ltr' id='par_1_10' title="bbox 493 3145 979 3220">
     <span class='ocr_line' id='line_1_21' title="bbox 493 3145 979 3220; baseline -0.016 -12"><span class='ocrx_word' id='word_1_111' title='bbox 493 3169 511 3208; x_wconf 69' lang='lat' dir='ltr'>r&lt;</span> <span class='ocrx_word' id='word_1_112' title='bbox 533 3148 629 3207; x_wconf 88' lang='lat' dir='ltr'>Credo</span> <span class='ocrx_word' id='word_1_113' title='bbox 651 3145 727 3204; x_wconf 76' lang='lat' dir='ltr'>durio</span> <span class='ocrx_word' id='word_1_114' title='bbox 748 3148 867 3220; x_wconf 73' lang='lat' dir='ltr'>qraois,</span> <span class='ocrx_word' id='word_1_115' title='bbox 890 3153 979 3204; x_wconf 81' lang='lat' dir='ltr'>etc.»</span> 
     </span>
    </p>
   </div>
   <div class='ocr_carea' id='block_1_10' title="bbox 373 3315 1386 3512">
    <p class='ocr_par' dir='ltr' id='par_1_11' title="bbox 373 3315 1386 3512">
     <span class='ocr_line' id='line_1_22' title="bbox 418 3315 1386 3401; baseline -0.003 -18"><span class='ocrx_word' id='word_1_116' title='bbox 418 3322 552 3394; x_wconf 83' lang='lat' dir='ltr'>llunro,</span> <span class='ocrx_word' id='word_1_117' title='bbox 580 3316 698 3381; x_wconf 88' lang='lat' dir='ltr'>ordine</span> <span class='ocrx_word' id='word_1_118' title='bbox 720 3315 900 3380; x_wconf 87' lang='lat' dir='ltr'>verborum</span> <span class='ocrx_word' id='word_1_119' title='bbox 924 3315 1070 3390; x_wconf 83' lang='lat' dir='ltr'>inverso,</span> <span class='ocrx_word' id='word_1_120' title='bbox 1095 3315 1276 3401; x_wconf 85' lang='lat' dir='ltr'>verbisque</span> <span class='ocrx_word' id='word_1_121' title='bbox 1299 3317 1386 3401; x_wconf 84' lang='lat' dir='ltr'>ipsis</span> 
     </span>
     <span class='ocr_line' id='line_1_23' title="bbox 373 3423 1386 3512; baseline -0.01 -20"><span class='ocrx_word' id='word_1_122' title='bbox 373 3427 488 3512; x_wconf 83' lang='lat' dir='ltr'>paullo</span> <span class='ocrx_word' id='word_1_123' title='bbox 501 3424 712 3490; x_wconf 86' lang='lat' dir='ltr'>libidinosius</span> <span class='ocrx_word' id='word_1_124' title='bbox 726 3423 919 3500; x_wconf 82' lang='lat' dir='ltr'>immutatis,</span> <span class='ocrx_word' id='word_1_125' title='bbox 931 3424 1104 3508; x_wconf 78' lang='lat' dir='ltr'>septimum</span> <span class='ocrx_word' id='word_1_126' title='bbox 1115 3430 1148 3488; x_wconf 82' lang='lat' dir='ltr'>et</span> <span class='ocrx_word' id='word_1_127' title='bbox 1160 3429 1311 3488; x_wconf 79' lang='lat' dir='ltr'>octavum</span> <span class='ocrx_word' id='word_1_128' title='bbox 1324 3424 1386 3488; x_wconf 79' lang='lat' dir='ltr'>ita:</span> 
     </span>
    </p>
   </div>
   <div class='ocr_carea' id='block_1_11' title="bbox 499 3584 1204 3744">
    <p class='ocr_par' dir='ltr' id='par_1_12' title="bbox 499 3584 1204 3744">
     <span class='ocr_line' id='line_1_24' title="bbox 499 3584 1204 3660; baseline -0.006 -14"><span class='ocrx_word' id='word_1_129' title='bbox 499 3607 513 3646; x_wconf 79' lang='lat' dir='ltr'>u</span> <span class='ocrx_word' id='word_1_130' title='bbox 535 3587 637 3645; x_wconf 86' lang='lat' dir='ltr'>Credo</span> <span class='ocrx_word' id='word_1_131' title='bbox 659 3592 692 3644; x_wconf 90' lang='lat' dir='ltr'>ut</span> <span class='ocrx_word' id='word_1_132' title='bbox 713 3603 780 3642; x_wconf 91' lang='lat' dir='ltr'>cum</span> <span class='ocrx_word' id='word_1_133' title='bbox 803 3585 904 3660; x_wconf 77' lang='lat' dir='ltr'>gravis</span> <span class='ocrx_word' id='word_1_134' title='bbox 926 3584 1092 3659; x_wconf 82' lang='lat' dir='ltr'>acquiescet</span> <span class='ocrx_word' id='word_1_135' title='bbox 1114 3587 1204 3644; x_wconf 83' lang='lat' dir='ltr'>ardor</span> 
     </span>
     <span class='ocr_line' id='line_1_25' title="bbox 536 3680 1027 3744; baseline -0.018 0"><span class='ocrx_word' id='word_1_136' title='bbox 536 3686 581 3744; x_wconf 84' lang='lat' dir='ltr'>Sit</span> <span class='ocrx_word' id='word_1_137' title='bbox 602 3684 773 3744; x_wconf 84' lang='lat' dir='ltr'>solaciolum</span> <span class='ocrx_word' id='word_1_138' title='bbox 795 3681 843 3740; x_wconf 88' lang='lat' dir='ltr'>sui</span> <span class='ocrx_word' id='word_1_139' title='bbox 865 3680 986 3741; x_wconf 87' lang='lat' dir='ltr'>doloris.</span> <span class='ocrx_word' id='word_1_140' title='bbox 1012 3702 1027 3735; x_wconf 85' lang='lat'>»</span> 
     </span>
    </p>
   </div>
   <div class='ocr_carea' id='block_1_12' title="bbox 376 3833 1387 4029">
    <p class='ocr_par' dir='ltr' id='par_1_13' title="bbox 376 3833 1387 4029">
     <span class='ocr_line' id='line_1_26' title="bbox 418 3833 1387 3924; baseline 0 -23"><span class='ocrx_word' id='word_1_141' title='bbox 418 3839 579 3924; x_wconf 86' lang='lat' dir='ltr'>Denique,</span> <span class='ocrx_word' id='word_1_142' title='bbox 597 3857 663 3902; x_wconf 92' lang='lat' dir='ltr'>non</span> <span class='ocrx_word' id='word_1_143' title='bbox 679 3835 802 3900; x_wconf 91' lang='lat' dir='ltr'>minori</span> <span class='ocrx_word' id='word_1_144' title='bbox 818 3833 971 3914; x_wconf 83' lang='lat' dir='ltr'>audacia,</span> <span class='ocrx_word' id='word_1_145' title='bbox 998 3833 1138 3900; x_wconf 87' lang='lat' dir='ltr'>Ellisius</span> <span class='ocrx_word' id='word_1_146' title='bbox 1164 3841 1317 3901; x_wconf 77' lang='lat' dir='ltr'>octavum</span> <span class='ocrx_word' id='word_1_147' title='bbox 1334 3835 1387 3901; x_wconf 77' lang='lat' dir='ltr'>sic</span> 
     </span>
     <span class='ocr_line' id='line_1_27' title="bbox 376 3942 535 4029; baseline -0.019 -20"><span class='ocrx_word' id='word_1_148' title='bbox 376 3942 512 4029; x_wconf 79' lang='lat' dir='ltr'>refingit</span> <span class='ocrx_word' id='word_1_149' title='bbox 529 3964 535 4007; x_wconf 92' lang='lat'>:</span> 
     </span>
    </p>
   </div>
   <div class='ocr_carea' id='block_1_13' title="bbox 501 4119 1253 4198">
    <p class='ocr_par' dir='ltr' id='par_1_14' title="bbox 501 4119 1253 4198">
     <span class='ocr_line' id='line_1_28' title="bbox 501 4119 1253 4198; baseline -0.007 -17"><span class='ocrx_word' id='word_1_150' title='bbox 501 4143 515 4182; x_wconf 77' lang='lat' dir='ltr'>r</span> <span class='ocrx_word' id='word_1_151' title='bbox 537 4122 633 4182; x_wconf 88' lang='lat' dir='ltr'>Credo</span> <span class='ocrx_word' id='word_1_152' title='bbox 655 4129 683 4180; x_wconf 82' lang='lat' dir='ltr'>et</span> <span class='ocrx_word' id='word_1_153' title='bbox 704 4141 773 4180; x_wconf 75' lang='lat' dir='ltr'>mim</span> <span class='ocrx_word' id='word_1_154' title='bbox 794 4122 904 4198; x_wconf 72' lang='lat' dir='ltr'>qravis</span> <span class='ocrx_word' id='word_1_155' title='bbox 926 4121 1093 4196; x_wconf 83' lang='lat' dir='ltr'>acquiescat</span> <span class='ocrx_word' id='word_1_156' title='bbox 1114 4119 1213 4180; x_wconf 87' lang='lat' dir='ltr'>ardor.</span> <span class='ocrx_word' id='word_1_157' title='bbox 1235 4142 1253 4176; x_wconf 92' lang='lat'>»</span> 
     </span>
    </p>
   </div>
   <div class='ocr_carea' id='block_1_14' title="bbox 0 0 1617 5104">
    <p class='ocr_par' dir='ltr' id='par_1_15' title="bbox 0 0 1617 5104">
     <span class='ocr_line' id='line_1_29' title="bbox 0 0 1617 5104; baseline 0 0"><span class='ocrx_word' id='word_1_158' title='bbox 0 0 1617 5104; x_wconf 95' lang='lat' dir='ltr'> </span> 
     </span>
    </p>
   </div>
  </div>
 </body>
</html>
