3046 5096
398 451 432 507 ul
720 463 757 504 tn
775 463 875 506 nimau
895 449 1021 518 23,31,1

363 575 590 654 tantummodo
614 579 778 644 rationem
802 578 994 656 habeamus,
1020 577 1106 642 nihil
1130 580 1265 647 obstare
1288 602 1385 668 quo-

362 687 473 751 minus
482 689 636 770 putemus
649 683 754 750 verba
765 685 825 750 illa
837 691 996 770 corrupta
1006 687 1173 753 exverbis
1185 681 1385 756 huiusmodi

361 791 566 878 Sempronio
600 791 741 860 colones
775 794 841 878 qui
876 790 928 857 ibi
955 800 1069 871 erunt,
1095 793 1193 880 lapsu
1218 800 1383 884 temporis

361 904 461 984 alque
496 897 685 964 scribarum
721 900 947 985 negligentia,
975 906 1053 965 orta·
1086 901 1214 971 luisse:
1247 905 1305 971 sed
1339 907 1380 970 in

361 1004 580 1074 emendandis
597 1005 792 1084 auctoribus
810 1006 977 1071 sententia
998 1008 1159 1080 universa
1183 1029 1249 1075 non
1266 1013 1381 1079 minus

361 1131 457 1202 quam
481 1113 588 1181 verba
611 1112 734 1178 tradita
754 1117 804 1180 est
828 1113 1084 1193 consideranda,
1111 1117 1273 1184 nimirum
1290 1122 1382 1188 ratio

361 1221 532 1308 inprimis
556 1219 712 1287 habenda
736 1227 784 1287 est
806 1221 987 1308 diligenter
1008 1221 1166 1308 quidnam
1189 1245 1380 1314 exquaque
1439 1305 1443 1311 ¹

361 1331 556 1397 coniectura
580 1335 816 1415 consequatur.

406 1439 471 1506 Hic
495 1443 606 1503 autem
626 1439 832 1508 ,sententiam
852 1439 1086 1524 pravissimam
1105 1437 1250 1507 efficiunt
1273 1442 1337 1510 ista
1356 1465 1379 1510 a

362 1546 488 1614 criticis
525 1564 608 1631 quos
643 1547 828 1610 memoravi
860 1548 906 1612 ita
942 1546 1107 1624 restituta,
1134 1568 1210 1612 cum
1234 1555 1378 1616 antece-

362 1654 515 1720 dentibus
540 1652 668 1719 scilicet
687 1654 773 1716 mire
788 1656 985 1738 pugnantia.
1012 1654 1092 1728 Quis
1116 1660 1227 1720 autem
1243 1660 1379 1743 magnis

362 1760 594 1847 scriptoribus,
610 1759 681 1825 sine
699 1779 827 1825 summa
839 1747 1050 1839 necessitate,
1063 1781 1176 1828 secum
1189 1767 1380 1850 pugnantia

362 1888 464 1935 sanus
482 1865 620 1934 tribuet?
633 1868 754 1933 etenim
770 1869 798 1933 si
812 1888 886 1933 cum
899 1851 1079 1954 Madvigio,
1093 1870 1379 1937 Weissenbornio

361 1978 546 2062 ceterisque
565 1975 639 2040 fere
658 1975 809 2040 omnibus
832 1974 926 2061 legas
951 1975 1036 2061 apud
1061 1976 1219 2043 Livium:
1250 2003 1266 2038 «
1290 1977 1380 2043 Con-

362 2108 378 2143 «
405 2085 495 2149 sules
520 2082 687 2148 exercitus
711 2082 801 2148 inter
816 2083 898 2149 'sese
915 2071 1246 2162 diviseruntFabio
1279 2105 1380 2151 exer·

364 2217 381 2254 ‹<
405 2194 490 2258 citus
510 2191 627 2270 Teani,
646 2190 761 2254 cuiM.
779 2189 898 2254 Junius
916 2189 1058 2256 dictator
1074 2191 1281 2278 praefuerat,
1297 2213 1380 2258 eve-

364 2325 381 2360 «
404 2301 470 2377 uit;
497 2299 703 2384 Sempronio
720 2301 858 2364 colones
875 2299 939 2383 qui
955 2299 1005 2362 ibi
1020 2305 1131 2376 eruut,
1159 2305 1192 2363 et
1208 2301 1379 2366 sociorum

364 2432 381 2467 «
404 2406 523 2492 viginti
557 2407 702 2491 quinque
738 2406 832 2469 milia
856 2430 873 2466 »
899 2407 1087 2491 pugnantia
1111 2425 1225 2471 secum
1250 2406 1377 2474 idcirco

361 2513 555 2599 coniungas,
581 2507 667 2599 quod
702 2513 735 2577 in
763 2533 802 2578 ea
828 2514 895 2578 eris
921 2514 1088 2578 sententia
1113 2515 1209 2598 quasi
1232 2514 1374 2580 volones

361 2621 459 2687 iidem
493 2620 645 2686 attributi
669 2619 799 2685 fuerint
822 2617 956 2685 duobus
980 2620 1100 2686 eodem
1124 2628 1280 2706 tempore
1302 2623 1376 2687 du-

360 2726 469 2805 cidae,
486 2729 645 2793 nimirum
660 2726 763 2793 Fabio
780 2734 812 2792 et
829 2726 1023 2813 Sempronio
1041 2728 1250 2793 consulibus,
1275 2731 1377 2794 Nam-

359 2857 422 2920 que
444 2835 565 2899 scimus
590 2854 672 2899 sane
694 2853 737 2898 es
761 2833 865 2913 Livio,
894 2836 955 2899 sub
979 2836 1038 2908 M„
1057 2835 1158 2899 Junio
1193 2835 1370 2914 dictatore,

332 2996 336 3006 ,
359 2948 493 3029 praeter
508 2943 594 3007 alius
612 2941 745 3027 generis
758 2941 893 3018 milites,
913 2944 1012 3008 etiam
1028 2941 1168 3008 volones
1183 2942 1286 3009 luisse
1304 2942 1376 3030 (Di-

360 3056 467 3116 ctator
483 3056 557 3137 post
570 3069 716 3136 pugnam
741 3049 952 3115 Cannensem
972 3049 1144 3135 profectus
1160 3051 1268 3117 Roma
1293 3073 1372 3117 cum

359 3157 487 3222 duabus
519 3157 708 3243 legionibus
731 3158 891 3234 urbauiS,
918 3178 993 3222 cum
1016 3157 1193 3223 volonibus
1226 3158 1374 3245 aliisque

359 3265 474 3351 copiis,
501 3271 609 3329 castra
632 3263 766 3330 videtur
789 3265 936 3330 locassse
952 3266 1093 3349 primum
1119 3264 1162 3329 ad
1184 3265 1371 3332 Casinum:

359 3372 404 3438 cf.
422 3371 551 3437 Livium
575 3370 724 3451 23,19,3;
746 3371 887 3458 denique
905 3372 947 3437 ad
962 3369 1137 3459 Teanum);
1159 3372 1217 3438 sed
1234 3373 1312 3460 quid
1331 3377 1373 3440 iis

357 3478 533 3544 volonibus
550 3498 624 3544 cum
640 3478 817 3543 volonibus
829 3476 1026 3563 Sempronii,
1044 3499 1146 3564 quum
1164 3481 1266 3545 verba
1282 3480 1375 3547 Livii

360 3567 567 3672 apertissime
580 3585 765 3663 ostendant,
780 3587 973 3650 universum
987 3585 1159 3668 dictatoris
1170 3589 1370 3668 exercitum,

359 3693 424 3759 hoc
449 3699 499 3757 est
522 3691 625 3757 nullis
651 3693 799 3778 exceptis
822 3692 1010 3772 volonibus,
1035 3692 1139 3758 Fabio
1165 3694 1295 3760 consuli
1323 3703 1375 3762 at-

360 3800 520 3866 tributum
539 3800 665 3866 fuisse?
681 3800 899 3886 Apertissime
916 3803 1004 3865 enim
1020 3806 1110 3886 patet
1123 3801 1262 3867 volones
1280 3801 1374 3868 Sem·

357 3910 474 3994 pronio
498 3908 602 3987 datos,
621 3908 660 3974 de
678 3910 795 3996 quibus
812 3909 988 3975 volonibus
1010 3914 1059 3974 est
1076 3928 1187 3974 sermo
1205 3910 1240 3973 in
1259 3911 1371 3976 uerbis

357 4016 454 4096 livii,
480 4035 565 4101 quae
590 4017 768 4083 emendare
800 4017 1016 4103 suscepimus,
1042 4017 1193 4082 diversos
1228 4035 1373 4102 prorsus

359 4143 432 4190 esse
457 4128 611 4211 oportere
628 4124 697 4190 istis
713 4125 900 4202 volonibus,
916 4126 970 4212 qui
988 4127 1052 4189 iam
1069 4121 1288 4208 aliquamdiu,
1309 4127 1374 4192 sci·
