3046 5096
462 431 497 486 68
686 445 722 484 nn
742 445 881 486 rourrous
898 446 955 485 τιτι
975 446 1035 486 uiri
1052 433 1095 496 21,
1113 432 1174 486 1-20

427 562 596 644 repeteret
608 554 693 641 quod
709 557 744 622 in
760 575 830 644 cap.
849 563 944 622 sexto
961 533 1150 643 scripserat:
1170 559 1283 643 itaque
1300 558 1426 644 scripsit

427 664 462 728 in
486 683 561 750 cap.
575 663 617 729 18
636 663 839 748 «legatos...
859 663 994 730 mittunt
1011 663 1053 728 ad
1069 662 1334 750 percunctandos
1350 665 1426 730 Car-

428 798 444 829 «
470 770 711 856 thaginienses,
740 769 916 854 publicone
943 771 1083 836 consilio
1106 771 1277 836 Hannibal
1298 769 1426 857 Sagun-

428 899 444 934 «
469 881 540 942 tum
564 883 800 963 expugnasset,
826 884 870 955 et,
900 878 938 955 si,
963 877 996 942 id
1019 877 1105 962 quod
1129 878 1255 944 facturi
1278 876 1426 944 videban-

428 987 545 1059 «tur,
573 983 764 1050 faterentur
800 1004 838 1050 ac
867 981 1087 1051 defenderent
1120 985 1252 1070 publico
1292 985 1424 1053 oonsilio

426 1113 442 1148 ‹<
467 1089 604 1167 factum,
628 1096 666 1156 nt
690 1091 885 1158 indicerent
905 1094 1033 1177 populo
1060 1091 1342 1180 Carthaginiensi
1363 1094 1425 1160 bel-

428 1224 445 1255 «
470 1197 558 1275 neni,-
568 1223 586 1258 »
600 1217 700 1282 quum
714 1198 928 1264 scribendum
941 1205 1030 1266 esset
1042 1199 1104 1265 hoc
1116 1198 1189 1264 lere
1201 1199 1310 1281 modo;
1321 1205 1360 1266 nt
1371 1200 1426 1265 de-

393 1341 396 1348 ·
427 1329 444 1364 «
462 1311 646 1395 poscerent
661 1306 783 1370 duceni
798 1307 914 1395 ipsein
929 1307 967 1372 in
976 1324 1129 1398 poeneni
1144 1307 1303 1390 foederis
1320 1307 1423 1390 rupti,

336 1441 337 1448 κ
426 1435 443 1470 «
466 1413 565 1494 isque
584 1411 660 1477 nisi
682 1411 877 1489 dederetur,
901 1416 942 1477 ut
964 1414 1161 1478 indicerent
1177 1414 1314 1498 populo
1341 1413 1425 1480 Ger-

427 1541 441 1574 <‹
468 1517 680 1600 inopinienoi
703 1517 840 1583 belluni.
863 1545 880 1580 >›
1417 1516 1421 1522 ’

466 1623 572 1688 Tenes
585 1623 620 1687 1⁰
630 1625 664 1687 in
673 1626 782 1689 causis
791 1625 994 1710 legationum
1007 1625 1242 1692 mittendarum
1251 1625 1426 1711 Polybium

423 1734 456 1794 et
471 1728 599 1793 Livium
627 1732 774 1816 apprime
798 1733 889 1796 inter
904 1753 939 1797 se
968 1735 1169 1814 concinere3
1197 1731 1232 1800 2⁰
1255 1754 1357 1819 quum
1373 1733 1427 1798 Lt-

421 1837 497 1900 vius
514 1835 554 1901 de
575 1837 797 1921 legationibus
819 1839 871 1904 bis
896 1846 973 1924 agat
995 1839 1082 1918 21,6.
1109 1839 1234 1918 21,18.,
1262 1841 1424 1926 inpriore

421 1943 495 2010 loeo
511 1941 642 2029 Polybii
657 1947 800 2030 vestigia
812 1951 944 2038 entare,
955 1946 1012 2012 sed
1036 1948 1071 2011 in
1087 1946 1193 2012 altero
1211 1965 1279 2011 non
1296 1952 1423 2023 extare3

420 2051 458 2116 3⁰
482 2051 539 2135 qui
561 2051 686 2119 factum
710 2053 752 2116 sit
767 2059 804 2117 ut
826 2054 877 2118 bis
904 2052 944 2118 de
970 2053 1092 2138 legatis
1120 2058 1237 2137 ageret
1259 2052 1372 2117 Livius
1394 2057 1428 2115 et

422 2157 586 2222 nonnulla
609 2177 678 2223 non
703 2159 747 2224 ita
762 2165 862 2253 ‘recte
883 2158 1071 2224 tradiderit.

463 2264 511 2329 De
535 2269 682 2350 tempore
705 2285 796 2330 nunc
820 2273 1009 2351 superesset
1032 2265 1217 2344 dicendum,
1242 2286 1306 2350 quo
1330 2264 1422 2330 missi

419 2375 497 2434 sunt
530 2358 642 2454 legati;
670 2371 728 2436 sed
756 2370 862 2457 quum'
883 2357 989 2437 omnis
1012 2373 1169 2458 temporis
1193 2372 1334 2447 notatio,
1359 2387 1425 2435 una

418 2481 560 2560 excepta
584 2497 682 2564 quam
699 2477 739 2543 de
752 2498 812 2544 suo
827 2479 957 2544 Livium
974 2477 1139 2544 addidisse
1162 2476 1257 2543 modo
1274 2476 1378 2554 docui,
1392 2479 1426 2540 in

418 2583 483 2648 hoc
506 2603 631 2670 genere
647 2585 731 2671 apud
749 2587 949 2652 Patarinum
974 2584 1182 2652 desideretur
1200 2581 1308 2672 (cuius
1325 2587 1360 2648 in
1375 2585 1426 2650 rei

419 2709 537 2757 causas
558 2710 637 2756 mox
661 2689 890 2780 inquiremus),
914 2698 1022 2758 restat
1046 2697 1092 2770 ut,
1111 2693 1213 2758 missa
1232 2693 1426 2776 quaestione

418 2799 482 2863 ista
498 2817 541 2862 ex
554 2817 620 2884 qua
642 2799 727 2864 nihil
740 2798 925 2880 admodum
941 2797 1142 2877 efficeretur,
1160 2804 1346 2864 statuamus
1370 2818 1427 2863 ve·

417 2905 517 2990 stigia
530 2905 660 2991 Polybii
677 2925 871 2992 comparere
883 2906 970 2992 apud
983 2907 1058 2972 Liv.
1071 2905 1157 2983 21,6,
1173 2903 1272 2991 idque
1288 2905 1427 2990 probari

417 3013 638 3079 consensione
651 3032 716 3097 qua
731 3013 819 3079 inter
834 3033 870 3077 se
885 3013 959 3079 Pol.
978 3019 1011 3078 et
1033 3013 1105 3077 Lir.
1121 3013 1155 3077 in
1170 3030 1310 3077 numero
1326 3018 1425 3095 atque

416 3118 452 3182 in
470 3120 581 3184 causis
608 3117 812 3204 legationum
829 3119 994 3185 contineri
1009 3119 1171 3183 hactenus
1186 3117 1428 3184 demonstravi-

416 3244 500 3304 mus,
521 3245 623 3309 quum
646 3226 803 3311 temporis
827 3227 924 3304 ratic,
949 3244 1033 3312 quae
1057 3225 1149 3290 nulla
1180 3223 1267 3310 apud
1290 3224 1426 3290 Livium

416 3337 478 3409 est,
504 3351 571 3397 non
593 3332 770 3418 prohibeat
792 3333 966 3418 quominus
989 3331 1078 3396 hanc
1103 3351 1123 3396 a
1145 3332 1241 3397 nobis
1266 3335 1428 3398 statutam

413 3439 624 3517 sententiam,
637 3458 736 3524 quam
747 3440 817 3525 ipsa
831 3459 939 3524 neque
955 3437 1128 3505 confirmat
1142 3458 1250 3524 neque
1262 3435 1424 3520 infirmat,

413 3547 579 3612 rationem
600 3546 726 3612 habere
750 3547 965 3612 arbitremur.

456 3653 608 3739 Vestigia
632 3653 735 3740 igitur
758 3652 842 3730 Pol,
867 3657 982 3718 extant
1004 3651 1090 3738 apud
1113 3653 1190 3719 Liv.
1216 3650 1305 3728 21‚6.
1330 3650 1428 3719 Haec

414 3763 524 3824 autem
542 3767 593 3826 est
606 3779 705 3826 causa
717 3778 779 3827 cur
792 3760 827 3823 in
840 3757 1026 3824 referendis
1043 3757 1191 3825 consiliis
1206 3755 1246 3823 de
1262 3755 1350 3822 bello
1369 3763 1430 3824 aut

414 3863 526 3950 aliqua
543 3866 741 3951 interposita
752 3871 810 3930 aut
821 3864 913 3932 nulla
929 3859 1125 3952 interposita
1137 3883 1232 3930 mora
1248 3863 1429 3952 Carthagi·

413 3970 587 4038 niensibus
604 3972 790 4050 indicendo,
814 3971 886 4038 Liv.
905 3972 1043 4038 brevior
1066 3971 1216 4056 extiterit
1239 3989 1339 4054 quam
1362 3970 1428 4038 Dio

413 4078 548 4144 Cassius
560 4076 695 4168 (fragm.
709 4079 784 4158 55‚9
799 4078 849 4145 ed.
859 4078 956 4145 Dind.
968 4078 999 4156 1,
1009 4076 1107 4166 p.88)
1120 4084 1152 4144 et
1164 4077 1245 4144 Zon.
1260 4075 1371 4164 (VIII,
1383 4077 1428 4144 22
