3164 5104
544 410 582 450 un
600 409 752 452 carunnuu
769 396 796 459 6,
814 396 893 451 12-14
1153 401 1185 453 21
1250 475 1253 480 Ι

203 518 298 605 quod
320 522 482 607 perpauci
505 527 595 587 sunt.
630 521 720 587 Duos
755 522 984 590 tantummodo
1019 527 1223 594 memorabo.

202 626 350 693 Eiiisius
373 628 540 715 inpriore
562 621 707 696 editione
731 627 886 722 dederat:

451 867 470 909 c
490 847 570 908 Nam
590 848 633 909 nil
653 855 739 911 staro
758 849 852 926 valet,
875 856 933 910 etc.
958 874 974 908 »

204 1055 268 1122 sed
292 1057 328 1121 in
350 1058 459 1123 altera
493 1055 638 1123 editione
673 1055 829 1144 (Londini
851 1057 951 1146 1878)
986 1079 1145 1126 reversus
1176 1069 1226 1127 est

205 1160 253 1228 ad
277 1162 537 1230 emendationem
560 1163 714 1249 Hauptii‚
733 1168 769 1228 ut
793 1162 852 1229 ille
880 1162 970 1230 dicit.
995 1164 1140 1250 Heysins
1166 1186 1225 1231 au·

205 1276 291 1347 tem,
316 1271 373 1356 qui
395 1269 563 1336 Catullum
586 1265 784 1336 Germanice
806 1269 964 1350 reddidit,
989 1271 1167 1357 praetulit:

371 1507 386 1540 e
409 1483 487 1546 Nam
506 1483 538 1544 ni
552 1485 609 1546 ista
630 1500 683 1544 ore
703 1485 796 1555 vaiet,
816 1484 894 1545 nihil
914 1492 1018 1548 tacere

410 1583 524 1643 (iurant
544 1583 605 1642 iam
624 1581 724 1642 latera
746 1582 884 1644 exfututa
904 1583 1014 1662 panda.
1038 1607 1054 1642 u

255 1805 318 1874 Sed
352 1826 462 1893 neque
496 1805 748 1874 emendationes
785 1806 865 1874 illae
889 1827 995 1892 aequo
1034 1811 1114 1876 inre.
1145 1809 1224 1876 solis

206 1914 356 2001 Hauptio
381 1918 415 1979 et
437 1897 654 1979 Lachmanno
680 1913 875 1979 tribuuntur
908 1912 1008 1999 (quod
1035 1934 1153 1981 moneo
1177 1936 1222 1982 ne

205 2020 284 2106 quis
307 2021 375 2085 suis
399 2017 577 2085 fraudetur
598 2019 740 2099 meritis,
765 2038 834 2085 non
864 2025 901 2083 ut
923 2021 1222 2104 praestantissimis

203 2111 296 2192 viris*
316 2125 449 2193 laudem
472 2124 671 2212 detraham),
694 2145 803 2212 neque
827 2126 917 2191 omni
937 2131 1016 2190 sunt
1038 2125 1138 2192 laude
1162 2147 1219 2192 cu·

204 2232 400 2300 mutandae.
425 2234 575 2318 Namque
586 2237 623 2296 ut
636 2233 677 2298 ab
691 2233 751 2298 ilio
765 2233 896 2298 initium
908 2230 1046 2310 faciam,
1061 2234 1221 2321 Hauptio,

205 2338 351 2408 eumad
374 2360 407 2406 u.
442 2339 494 2408 12,
520 2336 763 2405 emendandum
797 2359 834 2405 se
865 2339 1015 2419 contulit,
1039 2340 1221 2407 obversata

206 2453 260 2514 est
284 2447 407 2532 Scaiig.
433 2446 546 2524 lectio,
563 2447 599 2510 in
615 2465 681 2530 qua
703 2453 832 2532 stupra
848 2451 881 2512 et
896 2447 990 2514 colet
1005 2447 1072 2511 iam
1088 2455 1224 2534 praesto

210 2560 323 2632 erant,
342 2552 427 2619 idem
446 2553 586 2639 sumpsit
609 2572 653 2617 ex
677 2553 787 2618 Dousa
803 2551 872 2648 tilio
888 2553 1092 2638 Heinsioque
1114 2554 1176 2631 nil,
1195 2560 1228 2620 et

205 2662 311 2748 paulo
336 2661 437 2726 aliter
459 2661 714 2745 interpungere,
740 2660 776 2724 in
810 2659 911 2726 aliam
942 2659 1223 2747 significationem

205 2770 316 2834 verba
340 2768 486 2835 detorsit.
511 2766 604 2841 Quod
627 2767 656 2831 si
678 2786 797 2832 versus
821 2767 869 2832 ita
896 2769 1129 2834 reconcinnati
1157 2771 1227 2833 vim

207 2895 313 2963 porro
336 2871 584 2961 perpendimus,
611 2872 780 2958 legentes:

372 3127 387 3162 e
409 3104 487 3167 Nam
508 3103 551 3163 nil
572 3109 676 3181 stupra
697 3103 789 3188 vaiet,
809 3103 887 3162 nihil
907 3110 1011 3165 tacere

410 3202 489 3264 Ourt
509 3221 569 3261 non
589 3209 652 3262 tarn
672 3202 771 3262 latera
792 3199 927 3262 ecfututa
948 3202 1061 3279 pandas

409 3301 469 3360 Nei
489 3308 523 3360 tu
545 3299 618 3376 quid
639 3298 736 3360 facias
757 3299 949 3376 ineptiarum.
974 3322 989 3356 »

205 3509 353 3595 primum
377 3508 524 3572 omnium
547 3525 667 3590 parum
683 3510 758 3590 apte
773 3524 807 3570 v,
828 3503 870 3570 12
886 3504 927 3571 ab
944 3505 1222 3572 antecedentibus

208 3615 430 3700 seiungimus:
440 3610 725 3697 secundoetopro
738 3611 873 3676 minime
885 3611 1031 3698 probare
1042 3632 1225 3698 possumus,

206 3739 312 3806 quum
327 3739 437 3804 neque
446 3720 634 3805 praecerat
649 3715 735 3802 quod
765 3715 895 3782 codices
918 3717 1044 3783 habent
1061 3717 1227 3804 syllabam
1241 3755 1245 3760 ·

195 3847 279 3917 pra
294 3831 414 3914 arguat
427 3822 519 3914 (nam
529 3825 718 3911 praevolet
733 3825 906 3910 supposuit
922 3823 1067 3890 fortasse
1084 3825 1226 3911 simplici
1355 3883 1357 3886 .

203 3935 305 4002 calet
337 3934 393 4019 qui
428 3933 463 3997 in
495 3931 640 3998 lectione
678 3931 801 3997 «Nam
835 3933 874 3996 ni
909 3932 980 3999 icto
1014 3933 1107 3998 valet
1136 3932 1225 3997 nihii

206 4051 323 4108 tacere
346 4064 363 4100 »
390 4040 518 4105 hiatum
540 4039 641 4104 vitari
664 4034 795 4124 voluit),
820 4056 930 4123 neque
947 4038 980 4103 in
997 4037 1124 4104 Catulli
1150 4057 1228 4103 car·
