<?xml version="1.0" encoding="UTF-8"?>
<!DOCTYPE html PUBLIC "-//W3C//DTD XHTML 1.0 Transitional//EN"
    "http://www.w3.org/TR/xhtml1/DTD/xhtml1-transitional.dtd">
<html xmlns="http://www.w3.org/1999/xhtml" xml:lang="en" lang="en">
 <head>
  <title>
</title>
<meta http-equiv="Content-Type" content="text/html;charset=utf-8" />
  <meta name='ocr-system' content='tesseract 3.04.00' />
  <meta name='ocr-capabilities' content='ocr_page ocr_carea ocr_par ocr_line ocrx_word'/>
</head>
<body>
  <div class='ocr_page' id='page_1' title='image "animadversiones00tartgoog_0032.png"; bbox 0 0 3164 5104; ppageno 0'>
   <div class='ocr_carea' id='block_1_1' title="bbox 536 386 1168 453">
    <p class='ocr_par' dir='ltr' id='par_1_1' title="bbox 536 386 1168 453">
     <span class='ocr_line' id='line_1_1' title="bbox 536 386 1168 453; baseline 0.013 -15"><span class='ocrx_word' id='word_1_1' title='bbox 536 400 573 439; x_wconf 73' lang='lat' dir='ltr'>ao</span> <span class='ocrx_word' id='word_1_2' title='bbox 591 399 740 443; x_wconf 75' lang='lat' dir='ltr'>oaruuuuu</span> <span class='ocrx_word' id='word_1_3' title='bbox 758 386 885 453; x_wconf 79' lang='lat'>6,12·14</span> <span class='ocrx_word' id='word_1_4' title='bbox 1132 391 1168 446; x_wconf 79' lang='lat'>25</span> 
     </span>
    </p>
   </div>
   <div class='ocr_carea' id='block_1_2' title="bbox 191 512 1206 1028">
    <p class='ocr_par' dir='ltr' id='par_1_2' title="bbox 191 512 1206 1028">
     <span class='ocr_line' id='line_1_2' title="bbox 191 512 1204 602; baseline 0.004 -24"><span class='ocrx_word' id='word_1_5' title='bbox 191 513 242 578; x_wconf 88' lang='lat' dir='ltr'>mi</span> <span class='ocrx_word' id='word_1_6' title='bbox 259 513 401 600; x_wconf 79' lang='lat' dir='ltr'>cupide,</span> <span class='ocrx_word' id='word_1_7' title='bbox 420 549 462 563; x_wconf 95' lang='lat'>-</span> <span class='ocrx_word' id='word_1_8' title='bbox 480 512 641 580; x_wconf 85' lang='lat' dir='ltr'>Restituis</span> <span class='ocrx_word' id='word_1_9' title='bbox 658 515 787 600; x_wconf 83' lang='lat' dir='ltr'>cupido</span> <span class='ocrx_word' id='word_1_10' title='bbox 804 521 903 601; x_wconf 91' lang='lat' dir='ltr'>atque</span> <span class='ocrx_word' id='word_1_11' title='bbox 919 516 1117 602; x_wconf 78' lang='lat' dir='ltr'><em>insperanti</em></span> <span class='ocrx_word' id='word_1_12' title='bbox 1132 516 1204 602; x_wconf 89' lang='lat' dir='ltr'>ipsa</span> 
     </span>
     <span class='ocr_line' id='line_1_3' title="bbox 192 618 1206 706; baseline 0.001 -21"><span class='ocrx_word' id='word_1_13' title='bbox 192 620 309 686; x_wconf 87' lang='lat' dir='ltr'>refers</span> <span class='ocrx_word' id='word_1_14' title='bbox 332 626 375 686; x_wconf 90' lang='lat' dir='ltr'>te.</span> <span class='ocrx_word' id='word_1_15' title='bbox 400 619 439 685; x_wconf 89' lang='lat' dir='ltr'>It.</span> <span class='ocrx_word' id='word_1_16' title='bbox 457 618 522 685; x_wconf 85' lang='lat'>112</span> <span class='ocrx_word' id='word_1_17' title='bbox 539 621 598 706; x_wconf 80' lang='lat' dir='ltr'>(l).</span> <span class='ocrx_word' id='word_1_18' title='bbox 617 623 746 687; x_wconf 91' lang='lat' dir='ltr'>Paucos</span> <span class='ocrx_word' id='word_1_19' title='bbox 762 622 987 689; x_wconf 83' lang='lat' dir='ltr'>tantummodo</span> <span class='ocrx_word' id='word_1_20' title='bbox 1003 623 1092 688; x_wconf 90' lang='lat' dir='ltr'>locos</span> <span class='ocrx_word' id='word_1_21' title='bbox 1108 623 1206 688; x_wconf 90' lang='lat' dir='ltr'>attuli</span> 
     </span>
     <span class='ocr_line' id='line_1_4' title="bbox 191 727 1203 815; baseline 0.002 -23"><span class='ocrx_word' id='word_1_22' title='bbox 191 727 371 794; x_wconf 88' lang='lat' dir='ltr'>brevitatis</span> <span class='ocrx_word' id='word_1_23' title='bbox 394 746 505 805; x_wconf 88' lang='lat' dir='ltr'>causa,</span> <span class='ocrx_word' id='word_1_24' title='bbox 530 727 588 794; x_wconf 89' lang='lat' dir='ltr'>sed</span> <span class='ocrx_word' id='word_1_25' title='bbox 611 728 729 795; x_wconf 89' lang='lat' dir='ltr'>confer</span> <span class='ocrx_word' id='word_1_26' title='bbox 763 748 876 796; x_wconf 88' lang='lat' dir='ltr'>omnes</span> <span class='ocrx_word' id='word_1_27' title='bbox 911 750 992 815; x_wconf 87' lang='lat' dir='ltr'>quos</span> <span class='ocrx_word' id='word_1_28' title='bbox 1028 731 1139 807; x_wconf 78' lang='lat' dir='ltr'>citavi,</span> <span class='ocrx_word' id='word_1_29' title='bbox 1163 747 1203 794; x_wconf 88' lang='lat' dir='ltr'>ac</span> 
     </span>
     <span class='ocr_line' id='line_1_5' title="bbox 192 835 1205 920; baseline 0.001 -19"><span class='ocrx_word' id='word_1_30' title='bbox 192 842 269 902; x_wconf 85' lang='lat' dir='ltr'>tum</span> <span class='ocrx_word' id='word_1_31' title='bbox 291 835 433 920; x_wconf 90' lang='lat' dir='ltr'>denique</span> <span class='ocrx_word' id='word_1_32' title='bbox 458 835 627 920; x_wconf 82' lang='lat' dir='ltr'>intelliges</span> <span class='ocrx_word' id='word_1_33' title='bbox 656 837 742 903; x_wconf 88' lang='lat' dir='ltr'>benc</span> <span class='ocrx_word' id='word_1_34' title='bbox 767 857 802 902; x_wconf 91' lang='lat' dir='ltr'>se</span> <span class='ocrx_word' id='word_1_35' title='bbox 830 837 957 905; x_wconf 88' lang='lat' dir='ltr'>habere</span> <span class='ocrx_word' id='word_1_36' title='bbox 990 837 1026 903; x_wconf 92' lang='lat' dir='ltr'>in</span> <span class='ocrx_word' id='word_1_37' title='bbox 1054 837 1205 903; x_wconf 81' lang='lat' dir='ltr'>carmine</span> 
     </span>
     <span class='ocr_line' id='line_1_6' title="bbox 194 944 682 1028; baseline 0.004 -21"><span class='ocrx_word' id='word_1_38' title='bbox 194 948 315 1009; x_wconf 83' lang='lat' dir='ltr'>nostro</span> <span class='ocrx_word' id='word_1_39' title='bbox 338 962 422 1028; x_wconf 86' lang='lat' dir='ltr'>quae</span> <span class='ocrx_word' id='word_1_40' title='bbox 447 961 508 1028; x_wconf 86' lang='lat' dir='ltr'>ego</span> <span class='ocrx_word' id='word_1_41' title='bbox 533 944 682 1010; x_wconf 89' lang='lat' dir='ltr'>conieci:</span> 
     </span>
    </p>
   </div>
   <div class='ocr_carea' id='block_1_3' title="bbox 193 1101 1207 1866">
    <p class='ocr_par' dir='ltr' id='par_1_3' title="bbox 193 1101 1207 1866">
     <span class='ocr_line' id='line_1_7' title="bbox 261 1101 1206 1182; baseline 0.004 -22"><span class='ocrx_word' id='word_1_42' title='bbox 261 1125 276 1160; x_wconf 72' lang='grc' dir='ltr'><strong><em>ι</em></strong></span> <span class='ocrx_word' id='word_1_43' title='bbox 297 1103 396 1178; x_wconf 84' lang='lat' dir='ltr'>Flavi,</span> <span class='ocrx_word' id='word_1_44' title='bbox 410 1101 533 1164; x_wconf 83' lang='lat' dir='ltr'>delicias</span> <span class='ocrx_word' id='word_1_45' title='bbox 550 1108 618 1162; x_wconf 89' lang='lat' dir='ltr'>tuas</span> <span class='ocrx_word' id='word_1_46' title='bbox 632 1103 752 1164; x_wconf 84' lang='lat' dir='ltr'>Catullo</span> <span class='ocrx_word' id='word_1_47' title='bbox 767 1137 805 1150; x_wconf 93' lang='lat'>-</span> <span class='ocrx_word' id='word_1_48' title='bbox 815 1103 874 1166; x_wconf 89' lang='lat' dir='ltr'>Nei</span> <span class='ocrx_word' id='word_1_49' title='bbox 886 1104 944 1165; x_wconf 87' lang='lat' dir='ltr'>sint</span> <span class='ocrx_word' id='word_1_50' title='bbox 956 1103 1103 1182; x_wconf 88' lang='lat' dir='ltr'>inlepidae</span> <span class='ocrx_word' id='word_1_51' title='bbox 1118 1110 1206 1181; x_wconf 89' lang='lat' dir='ltr'>atque</span> 
     </span>
     <span class='ocr_line' id='line_1_8' title="bbox 193 1199 1206 1278; baseline 0.002 -18"><span class='ocrx_word' id='word_1_52' title='bbox 193 1201 393 1278; x_wconf 88' lang='lat' dir='ltr'>inelegantes,</span> <span class='ocrx_word' id='word_1_53' title='bbox 414 1233 453 1247; x_wconf 96' lang='lat'>-</span> <span class='ocrx_word' id='word_1_54' title='bbox 473 1201 576 1262; x_wconf 80' lang='lat' dir='ltr'>Valles</span> <span class='ocrx_word' id='word_1_55' title='bbox 597 1199 697 1260; x_wconf 82' lang='lat' dir='ltr'>dicere</span> <span class='ocrx_word' id='word_1_56' title='bbox 718 1222 773 1262; x_wconf 81' lang='lat' dir='ltr'>nec</span> <span class='ocrx_word' id='word_1_57' title='bbox 794 1210 896 1264; x_wconf 84' lang='lat' dir='ltr'>tacere</span> <span class='ocrx_word' id='word_1_58' title='bbox 912 1221 1024 1278; x_wconf 84' lang='lat' dir='ltr'>posses.</span> <span class='ocrx_word' id='word_1_59' title='bbox 1038 1234 1078 1248; x_wconf 97' lang='lat'>-</span> <span class='ocrx_word' id='word_1_60' title='bbox 1093 1202 1206 1262; x_wconf 88' lang='lat' dir='ltr'>Verum</span> 
     </span>
     <span class='ocr_line' id='line_1_9' title="bbox 195 1298 1205 1378; baseline 0.002 -19"><span class='ocrx_word' id='word_1_61' title='bbox 195 1299 373 1376; x_wconf 90' lang='lat' dir='ltr'>nescioquid</span> <span class='ocrx_word' id='word_1_62' title='bbox 394 1298 569 1360; x_wconf 85' lang='lat' dir='ltr'>febriculosi</span> <span class='ocrx_word' id='word_1_63' title='bbox 589 1329 630 1343; x_wconf 91' lang='lat'><em>-</em></span> <span class='ocrx_word' id='word_1_64' title='bbox 657 1301 755 1360; x_wconf 88' lang='lat' dir='ltr'>Scorti</span> <span class='ocrx_word' id='word_1_65' title='bbox 776 1299 889 1378; x_wconf 85' lang='lat' dir='ltr'>diligis:</span> <span class='ocrx_word' id='word_1_66' title='bbox 910 1301 967 1360; x_wconf 92' lang='lat' dir='ltr'>boc</span> <span class='ocrx_word' id='word_1_67' title='bbox 991 1302 1084 1378; x_wconf 89' lang='lat' dir='ltr'>pudet</span> <span class='ocrx_word' id='word_1_68' title='bbox 1108 1300 1205 1361; x_wconf 89' lang='lat' dir='ltr'>fateri.</span> 
     </span>
     <span class='ocr_line' id='line_1_10' title="bbox 195 1397 1206 1478; baseline -0.002 -18"><span class='ocrx_word' id='word_1_69' title='bbox 195 1397 277 1460; x_wconf 90' lang='lat' dir='ltr'>Nam</span> <span class='ocrx_word' id='word_1_70' title='bbox 297 1403 326 1458; x_wconf 88' lang='lat' dir='ltr'>te</span> <span class='ocrx_word' id='word_1_71' title='bbox 347 1418 405 1458; x_wconf 90' lang='lat' dir='ltr'>non</span> <span class='ocrx_word' id='word_1_72' title='bbox 426 1397 534 1459; x_wconf 83' lang='lat' dir='ltr'>viduas</span> <span class='ocrx_word' id='word_1_73' title='bbox 553 1398 653 1458; x_wconf 87' lang='lat' dir='ltr'>iacere</span> <span class='ocrx_word' id='word_1_74' title='bbox 672 1405 777 1459; x_wconf 88' lang='lat' dir='ltr'>noctes</span> <span class='ocrx_word' id='word_1_75' title='bbox 796 1431 835 1444; x_wconf 90' lang='lat'><em>-</em></span> <span class='ocrx_word' id='word_1_76' title='bbox 857 1399 1056 1478; x_wconf 78' lang='lat' dir='ltr'>Nequiquam</span> <span class='ocrx_word' id='word_1_77' title='bbox 1074 1401 1206 1459; x_wconf 84' lang='lat' dir='ltr'>tacitum</span> 
     </span>
     <span class='ocr_line' id='line_1_11' title="bbox 195 1495 1206 1575; baseline 0.002 -20"><span class='ocrx_word' id='word_1_78' title='bbox 195 1495 297 1556; x_wconf 87' lang='lat' dir='ltr'>cubile</span> <span class='ocrx_word' id='word_1_79' title='bbox 317 1496 428 1556; x_wconf 90' lang='lat' dir='ltr'>clamat</span> <span class='ocrx_word' id='word_1_80' title='bbox 448 1528 486 1544; x_wconf 90' lang='lat'><em>-</em></span> <span class='ocrx_word' id='word_1_81' title='bbox 509 1497 605 1558; x_wconf 87' lang='lat' dir='ltr'>Sertis</span> <span class='ocrx_word' id='word_1_82' title='bbox 625 1515 660 1556; x_wconf 88' lang='lat' dir='ltr'>ac</span> <span class='ocrx_word' id='word_1_83' title='bbox 682 1498 771 1575; x_wconf 84' lang='lat' dir='ltr'>Syrio</span> <span class='ocrx_word' id='word_1_84' title='bbox 791 1497 929 1574; x_wconf 86' lang='lat' dir='ltr'>fragrans</span> <span class='ocrx_word' id='word_1_85' title='bbox 950 1497 1083 1558; x_wconf 84' lang='lat' dir='ltr'>olivo-</span> <span class='ocrx_word' id='word_1_86' title='bbox 1097 1497 1206 1557; x_wconf 84' lang='lat' dir='ltr'>Pulvi-</span> 
     </span>
     <span class='ocr_line' id='line_1_12' title="bbox 194 1595 1206 1672; baseline 0.001 -19"><span class='ocrx_word' id='word_1_87' title='bbox 194 1612 314 1670; x_wconf 89' lang='lat' dir='ltr'>nusque</span> <span class='ocrx_word' id='word_1_88' title='bbox 344 1613 492 1672; x_wconf 79' lang='lat' dir='ltr'>peraeque</span> <span class='ocrx_word' id='word_1_89' title='bbox 524 1602 554 1655; x_wconf 91' lang='lat' dir='ltr'>et</span> <span class='ocrx_word' id='word_1_90' title='bbox 583 1595 633 1654; x_wconf 89' lang='lat' dir='ltr'>bic</span> <span class='ocrx_word' id='word_1_91' title='bbox 663 1603 693 1655; x_wconf 87' lang='lat' dir='ltr'>et</span> <span class='ocrx_word' id='word_1_92' title='bbox 723 1596 775 1654; x_wconf 92' lang='lat' dir='ltr'>ille</span> <span class='ocrx_word' id='word_1_93' title='bbox 796 1628 836 1641; x_wconf 97' lang='lat'>-</span> <span class='ocrx_word' id='word_1_94' title='bbox 855 1596 1004 1672; x_wconf 87' lang='lat' dir='ltr'>Attritus,</span> <span class='ocrx_word' id='word_1_95' title='bbox 1024 1595 1206 1672; x_wconf 80' lang='lat' dir='ltr'>tremulique</span> 
     </span>
     <span class='ocr_line' id='line_1_13' title="bbox 195 1693 1207 1771; baseline 0 -19"><span class='ocrx_word' id='word_1_96' title='bbox 195 1710 309 1768; x_wconf 89' lang='lat' dir='ltr'>quassa</span> <span class='ocrx_word' id='word_1_97' title='bbox 328 1693 399 1753; x_wconf 88' lang='lat' dir='ltr'>lecti</span> <span class='ocrx_word' id='word_1_98' title='bbox 419 1726 459 1739; x_wconf 93' lang='lat'>-</span> <span class='ocrx_word' id='word_1_99' title='bbox 479 1693 638 1770; x_wconf 87' lang='lat' dir='ltr'>Argutatio</span> <span class='ocrx_word' id='word_1_100' title='bbox 658 1693 911 1771; x_wconf 89' lang='lat' dir='ltr'>inambulatioque</span> <span class='ocrx_word' id='word_1_101' title='bbox 927 1725 969 1739; x_wconf 92' lang='lat'><em>-</em></span> <span class='ocrx_word' id='word_1_102' title='bbox 981 1696 1060 1756; x_wconf 84' lang='lat' dir='ltr'>Nam</span> <span class='ocrx_word' id='word_1_103' title='bbox 1080 1694 1124 1753; x_wconf 91' lang='lat' dir='ltr'>nil</span> <span class='ocrx_word' id='word_1_104' title='bbox 1144 1694 1207 1753; x_wconf 81' lang='lat' dir='ltr'>ista</span> 
     </span>
     <span class='ocr_line' id='line_1_14' title="bbox 193 1792 588 1866; baseline -0.005 -17"><span class='ocrx_word' id='word_1_105' title='bbox 193 1794 313 1866; x_wconf 82' lang='lat' dir='ltr'>volent,</span> <span class='ocrx_word' id='word_1_106' title='bbox 333 1792 418 1853; x_wconf 62' lang='lat' dir='ltr'>nitati</span> <span class='ocrx_word' id='word_1_107' title='bbox 438 1799 549 1853; x_wconf 83' lang='lat' dir='ltr'>tacere.</span> <span class='ocrx_word' id='word_1_108' title='bbox 572 1812 588 1847; x_wconf 79' lang='lat'><strong>&gt;</strong></span> 
     </span>
    </p>
   </div>
   <div class='ocr_carea' id='block_1_4' title="bbox 192 1943 1206 2576">
    <p class='ocr_par' dir='ltr' id='par_1_4' title="bbox 192 1943 1206 2576">
     <span class='ocr_line' id='line_1_15' title="bbox 244 1943 1206 2029; baseline 0.003 -21"><span class='ocrx_word' id='word_1_109' title='bbox 244 1943 313 2009; x_wconf 91' lang='lat' dir='ltr'>Hoc</span> <span class='ocrx_word' id='word_1_110' title='bbox 328 1949 396 2010; x_wconf 91' lang='lat' dir='ltr'>est:</span> <span class='ocrx_word' id='word_1_111' title='bbox 422 1950 458 2009; x_wconf 90' lang='lat' dir='ltr'>tu</span> <span class='ocrx_word' id='word_1_112' title='bbox 481 1950 575 2029; x_wconf 90' lang='lat' dir='ltr'>potes</span> <span class='ocrx_word' id='word_1_113' title='bbox 592 1943 724 2028; x_wconf 88' lang='lat' dir='ltr'>quidem</span> <span class='ocrx_word' id='word_1_114' title='bbox 742 1951 863 2022; x_wconf 86' lang='lat' dir='ltr'>tacere,</span> <span class='ocrx_word' id='word_1_115' title='bbox 889 1945 952 2008; x_wconf 89' lang='lat' dir='ltr'>ista</span> <span class='ocrx_word' id='word_1_116' title='bbox 967 1963 1062 2022; x_wconf 85' lang='lat' dir='ltr'>vere,</span> <span class='ocrx_word' id='word_1_117' title='bbox 1080 1943 1206 2011; x_wconf 87' lang='lat' dir='ltr'>frustra</span> 
     </span>
     <span class='ocr_line' id='line_1_16' title="bbox 193 2049 1204 2129; baseline 0 -12"><span class='ocrx_word' id='word_1_118' title='bbox 193 2051 309 2129; x_wconf 84' lang='lat' dir='ltr'>tacita,</span> <span class='ocrx_word' id='word_1_119' title='bbox 334 2058 448 2117; x_wconf 87' lang='lat' dir='ltr'>tacere</span> <span class='ocrx_word' id='word_1_120' title='bbox 471 2071 538 2117; x_wconf 91' lang='lat' dir='ltr'>non</span> <span class='ocrx_word' id='word_1_121' title='bbox 561 2051 690 2116; x_wconf 82' lang='lat' dir='ltr'>valent.</span> <span class='ocrx_word' id='word_1_122' title='bbox 715 2049 839 2116; x_wconf 88' lang='lat' dir='ltr'>Deinde</span> <span class='ocrx_word' id='word_1_123' title='bbox 863 2051 1081 2118; x_wconf 88' lang='lat' dir='ltr'>confirmatur</span> <span class='ocrx_word' id='word_1_124' title='bbox 1096 2071 1204 2117; x_wconf 93' lang='lat' dir='ltr'>meum</span> 
     </span>
     <span class='ocr_line' id='line_1_17' title="bbox 192 2155 1206 2245; baseline -0.004 -19"><span class='ocrx_word' id='word_1_125' title='bbox 192 2161 252 2226; x_wconf 85' lang='lat' dir='ltr'>m&#39;l</span> <span class='ocrx_word' id='word_1_126' title='bbox 275 2160 342 2226; x_wconf 83' lang='lat' dir='ltr'>isto</span> <span class='ocrx_word' id='word_1_127' title='bbox 364 2159 479 2226; x_wconf 81' lang='lat' dir='ltr'>colent</span> <span class='ocrx_word' id='word_1_128' title='bbox 503 2179 541 2224; x_wconf 90' lang='lat' dir='ltr'>eo</span> <span class='ocrx_word' id='word_1_129' title='bbox 565 2157 661 2244; x_wconf 84' lang='lat' dir='ltr'>quod,</span> <span class='ocrx_word' id='word_1_130' title='bbox 686 2155 741 2222; x_wconf 92' lang='lat' dir='ltr'>diu</span> <span class='ocrx_word' id='word_1_131' title='bbox 762 2164 936 2245; x_wconf 82' lang='lat' dir='ltr'>postquam</span> <span class='ocrx_word' id='word_1_132' title='bbox 957 2160 1063 2225; x_wconf 93' lang='lat' dir='ltr'>locum</span> <span class='ocrx_word' id='word_1_133' title='bbox 1082 2159 1206 2227; x_wconf 88' lang='lat' dir='ltr'>Catulli</span> 
     </span>
     <span class='ocr_line' id='line_1_18' title="bbox 194 2260 1205 2346; baseline -0.004 -13"><span class='ocrx_word' id='word_1_134' title='bbox 194 2260 466 2344; x_wconf 80' lang='lat' dir='ltr'>emendaveram,</span> <span class='ocrx_word' id='word_1_135' title='bbox 497 2264 585 2331; x_wconf 88' lang='lat' dir='ltr'>forte</span> <span class='ocrx_word' id='word_1_136' title='bbox 619 2265 655 2328; x_wconf 92' lang='lat' dir='ltr'>in</span> <span class='ocrx_word' id='word_1_137' title='bbox 688 2265 856 2331; x_wconf 84' lang='lat' dir='ltr'>Tibullum</span> <span class='ocrx_word' id='word_1_138' title='bbox 885 2265 1068 2344; x_wconf 65' lang='lat' dir='ltr'>aeae-20</span> <span class='ocrx_word' id='word_1_139' title='bbox 1093 2265 1205 2346; x_wconf 89' lang='lat' dir='ltr'>incidi,</span> 
     </span>
     <span class='ocr_line' id='line_1_19' title="bbox 193 2373 1206 2460; baseline -0.001 -21"><span class='ocrx_word' id='word_1_140' title='bbox 193 2374 256 2439; x_wconf 92' lang='lat' dir='ltr'>ubi</span> <span class='ocrx_word' id='word_1_141' title='bbox 266 2379 372 2459; x_wconf 89' lang='lat' dir='ltr'>poeta,</span> <span class='ocrx_word' id='word_1_142' title='bbox 382 2373 672 2438; x_wconf 86' lang='lat' dir='ltr'>vehementissime</span> <span class='ocrx_word' id='word_1_143' title='bbox 683 2378 819 2460; x_wconf 81' lang='lat' dir='ltr'>questus</span> <span class='ocrx_word' id='word_1_144' title='bbox 828 2374 863 2437; x_wconf 89' lang='lat' dir='ltr'>in</span> <span class='ocrx_word' id='word_1_145' title='bbox 876 2373 1078 2440; x_wconf 87' lang='lat' dir='ltr'>carminibus</span> <span class='ocrx_word' id='word_1_146' title='bbox 1088 2393 1206 2459; x_wconf 86' lang='lat' dir='ltr'>parum</span> 
     </span>
     <span class='ocr_line' id='line_1_20' title="bbox 193 2480 1206 2576; baseline -0.001 -28"><span class='ocrx_word' id='word_1_147' title='bbox 193 2481 318 2548; x_wconf 86' lang='lat' dir='ltr'>auxilii</span> <span class='ocrx_word' id='word_1_148' title='bbox 334 2501 405 2548; x_wconf 88' lang='lat' dir='ltr'>esse</span> <span class='ocrx_word' id='word_1_149' title='bbox 419 2481 461 2548; x_wconf 89' lang='lat' dir='ltr'>ad</span> <span class='ocrx_word' id='word_1_150' title='bbox 477 2480 656 2569; x_wconf 87' lang='lat' dir='ltr'>captandas</span> <span class='ocrx_word' id='word_1_151' title='bbox 669 2480 857 2576; x_wconf 82' lang='lat' dir='ltr'>voluptates</span> <span class='ocrx_word' id='word_1_152' title='bbox 869 2481 1003 2560; x_wconf 88' lang='lat' dir='ltr'>amoris,</span> <span class='ocrx_word' id='word_1_153' title='bbox 1018 2482 1206 2548; x_wconf 84' lang='lat' dir='ltr'>exclamat:</span> 
     </span>
    </p>
   </div>
   <div class='ocr_carea' id='block_1_5' title="bbox 260 2641 1138 2820">
    <p class='ocr_par' dir='ltr' id='par_1_5' title="bbox 260 2641 1138 2820">
     <span class='ocr_line' id='line_1_21' title="bbox 260 2641 1138 2720; baseline 0.001 -20"><span class='ocrx_word' id='word_1_154' title='bbox 260 2665 275 2700; x_wconf 72' lang='grc' dir='ltr'><strong><em>ι</em></strong></span> <span class='ocrx_word' id='word_1_155' title='bbox 297 2644 345 2703; x_wconf 82' lang='lat' dir='ltr'>Ad</span> <span class='ocrx_word' id='word_1_156' title='bbox 365 2643 513 2704; x_wconf 90' lang='lat' dir='ltr'>dominam</span> <span class='ocrx_word' id='word_1_157' title='bbox 533 2641 636 2703; x_wconf 83' lang='lat' dir='ltr'>faciles</span> <span class='ocrx_word' id='word_1_158' title='bbox 656 2641 754 2703; x_wconf 87' lang='lat' dir='ltr'>aditus</span> <span class='ocrx_word' id='word_1_159' title='bbox 774 2660 830 2720; x_wconf 89' lang='lat' dir='ltr'>per</span> <span class='ocrx_word' id='word_1_160' title='bbox 850 2642 981 2703; x_wconf 89' lang='lat' dir='ltr'>carmina</span> <span class='ocrx_word' id='word_1_161' title='bbox 1004 2660 1138 2720; x_wconf 88' lang='lat' dir='ltr'>quaero:</span> 
     </span>
     <span class='ocr_line' id='line_1_22' title="bbox 297 2739 1007 2820; baseline 0.006 -20"><span class='ocrx_word' id='word_1_162' title='bbox 297 2742 339 2801; x_wconf 88' lang='lat' dir='ltr'>lte</span> <span class='ocrx_word' id='word_1_163' title='bbox 359 2739 476 2820; x_wconf 86' lang='lat' dir='ltr'>procul.</span> <span class='ocrx_word' id='word_1_164' title='bbox 499 2742 615 2817; x_wconf 81' lang='lat' dir='ltr'>Musae,</span> <span class='ocrx_word' id='word_1_165' title='bbox 638 2741 667 2800; x_wconf 84' lang='lat' dir='ltr'>si</span> <span class='ocrx_word' id='word_1_166' title='bbox 680 2741 763 2802; x_wconf 83' lang='lat' dir='ltr'>nihil</span> <span class='ocrx_word' id='word_1_167' title='bbox 779 2742 841 2801; x_wconf 82' lang='lat' dir='ltr'>isto</span> <span class='ocrx_word' id='word_1_168' title='bbox 854 2745 957 2803; x_wconf 86' lang='lat' dir='ltr'>volent</span> <span class='ocrx_word' id='word_1_169' title='bbox 979 2763 1007 2804; x_wconf 78' lang='lat'>».</span> 
     </span>
    </p>
   </div>
   <div class='ocr_carea' id='block_1_6' title="bbox 192 2891 1215 3515">
    <p class='ocr_par' dir='ltr' id='par_1_6' title="bbox 192 2891 1215 3515">
     <span class='ocr_line' id='line_1_23' title="bbox 243 2891 1207 2978; baseline 0.002 -21"><span class='ocrx_word' id='word_1_170' title='bbox 243 2891 312 2960; x_wconf 88' lang='lat' dir='ltr'>Aut</span> <span class='ocrx_word' id='word_1_171' title='bbox 333 2893 497 2978; x_wconf 85' lang='lat' dir='ltr'>Tibullus,</span> <span class='ocrx_word' id='word_1_172' title='bbox 522 2893 592 2958; x_wconf 89' lang='lat' dir='ltr'>sive</span> <span class='ocrx_word' id='word_1_173' title='bbox 615 2891 762 2978; x_wconf 88' lang='lat' dir='ltr'>prudens</span> <span class='ocrx_word' id='word_1_174' title='bbox 786 2893 856 2958; x_wconf 80' lang='lat' dir='ltr'>sire</span> <span class='ocrx_word' id='word_1_175' title='bbox 881 2892 1085 2978; x_wconf 89' lang='lat' dir='ltr'>imprudens,</span> <span class='ocrx_word' id='word_1_176' title='bbox 1101 2893 1207 2959; x_wconf 88' lang='lat' dir='ltr'>verba</span> 
     </span>
     <span class='ocr_line' id='line_1_24' title="bbox 192 2998 1203 3086; baseline -0.001 -20"><span class='ocrx_word' id='word_1_177' title='bbox 192 2999 323 3066; x_wconf 89' lang='lat' dir='ltr'>Catulli</span> <span class='ocrx_word' id='word_1_178' title='bbox 345 3001 517 3086; x_wconf 85' lang='lat' dir='ltr'>repetivit;</span> <span class='ocrx_word' id='word_1_179' title='bbox 537 2998 623 3085; x_wconf 95' lang='lat' dir='ltr'>quod</span> <span class='ocrx_word' id='word_1_180' title='bbox 640 3000 668 3065; x_wconf 94' lang='lat' dir='ltr'>si</span> <span class='ocrx_word' id='word_1_181' title='bbox 684 3000 730 3066; x_wconf 89' lang='lat' dir='ltr'>ita</span> <span class='ocrx_word' id='word_1_182' title='bbox 746 3007 798 3065; x_wconf 87' lang='lat' dir='ltr'>est</span> <span class='ocrx_word' id='word_1_183' title='bbox 812 3019 886 3065; x_wconf 90' lang='lat' dir='ltr'>mea</span> <span class='ocrx_word' id='word_1_184' title='bbox 902 3019 970 3065; x_wconf 91' lang='lat' dir='ltr'>non</span> <span class='ocrx_word' id='word_1_185' title='bbox 986 3001 1052 3065; x_wconf 89' lang='lat' dir='ltr'>iam</span> <span class='ocrx_word' id='word_1_186' title='bbox 1070 3003 1203 3067; x_wconf 87' lang='lat' dir='ltr'>coniec-</span> 
     </span>
     <span class='ocr_line' id='line_1_25' title="bbox 193 3105 1207 3195; baseline -0.001 -20"><span class='ocrx_word' id='word_1_187' title='bbox 193 3115 276 3175; x_wconf 87' lang='lat' dir='ltr'>tura</span> <span class='ocrx_word' id='word_1_188' title='bbox 298 3105 355 3174; x_wconf 89' lang='lat' dir='ltr'>sed</span> <span class='ocrx_word' id='word_1_189' title='bbox 376 3128 459 3174; x_wconf 85' lang='lat' dir='ltr'>vera</span> <span class='ocrx_word' id='word_1_190' title='bbox 483 3114 533 3173; x_wconf 89' lang='lat' dir='ltr'>est</span> <span class='ocrx_word' id='word_1_191' title='bbox 548 3107 661 3186; x_wconf 90' lang='lat' dir='ltr'>lectio;</span> <span class='ocrx_word' id='word_1_192' title='bbox 683 3115 740 3173; x_wconf 88' lang='lat' dir='ltr'>aut</span> <span class='ocrx_word' id='word_1_193' title='bbox 762 3107 911 3173; x_wconf 85' lang='lat' dir='ltr'>Tibullus</span> <span class='ocrx_word' id='word_1_194' title='bbox 936 3127 1016 3172; x_wconf 87' lang='lat' dir='ltr'>suus</span> <span class='ocrx_word' id='word_1_195' title='bbox 1034 3114 1094 3186; x_wconf 90' lang='lat' dir='ltr'>est,</span> <span class='ocrx_word' id='word_1_196' title='bbox 1119 3109 1207 3195; x_wconf 91' lang='lat' dir='ltr'>quod</span> 
     </span>
     <span class='ocr_line' id='line_1_26' title="bbox 192 3213 1215 3304; baseline -0.001 -21"><span class='ocrx_word' id='word_1_197' title='bbox 192 3217 226 3283; x_wconf 84' lang='lat' dir='ltr'>si</span> <span class='ocrx_word' id='word_1_198' title='bbox 249 3217 297 3282; x_wconf 86' lang='lat' dir='ltr'>ita</span> <span class='ocrx_word' id='word_1_199' title='bbox 320 3221 369 3282; x_wconf 87' lang='lat' dir='ltr'>est</span> <span class='ocrx_word' id='word_1_200' title='bbox 391 3214 564 3293; x_wconf 85' lang='lat' dir='ltr'>fateberis,</span> <span class='ocrx_word' id='word_1_201' title='bbox 588 3217 643 3281; x_wconf 89' lang='lat' dir='ltr'>vir</span> <span class='ocrx_word' id='word_1_202' title='bbox 665 3215 865 3301; x_wconf 85' lang='lat' dir='ltr'>elegantior,</span> <span class='ocrx_word' id='word_1_203' title='bbox 891 3234 1035 3282; x_wconf 91' lang='lat' dir='ltr'>menon</span> <span class='ocrx_word' id='word_1_204' title='bbox 1063 3213 1215 3304; x_wconf 85' lang='lat' dir='ltr'>indigna</span> 
     </span>
     <span class='ocr_line' id='line_1_27' title="bbox 193 3322 1208 3410; baseline 0.001 -22"><span class='ocrx_word' id='word_1_205' title='bbox 193 3322 445 3408; x_wconf 84' lang='lat' dir='ltr'>elegantissimo</span> <span class='ocrx_word' id='word_1_206' title='bbox 471 3323 617 3389; x_wconf 92' lang='lat' dir='ltr'>omnium</span> <span class='ocrx_word' id='word_1_207' title='bbox 647 3325 875 3391; x_wconf 85' lang='lat' dir='ltr'>Romanorum</span> <span class='ocrx_word' id='word_1_208' title='bbox 906 3329 1080 3410; x_wconf 87' lang='lat' dir='ltr'>poetarum</span> <span class='ocrx_word' id='word_1_209' title='bbox 1109 3341 1208 3389; x_wconf 84' lang='lat' dir='ltr'>cxco-</span> 
     </span>
     <span class='ocr_line' id='line_1_28' title="bbox 194 3431 337 3515; baseline 0.014 -20"><span class='ocrx_word' id='word_1_210' title='bbox 194 3431 337 3515; x_wconf 84' lang='lat' dir='ltr'>gitasse.</span> 
     </span>
    </p>
   </div>
   <div class='ocr_carea' id='block_1_7' title="bbox 233 3623 1208 3699">
    <p class='ocr_par' dir='ltr' id='par_1_7' title="bbox 233 3623 1208 3699">
     <span class='ocr_line' id='line_1_29' title="bbox 233 3623 1208 3699; baseline 0 -19"><span class='ocrx_word' id='word_1_211' title='bbox 233 3627 275 3698; x_wconf 89' lang='lat' dir='ltr'>(l)</span> <span class='ocrx_word' id='word_1_212' title='bbox 292 3623 447 3699; x_wconf 67' lang='lat' dir='ltr'>separatim</span> <span class='ocrx_word' id='word_1_213' title='bbox 470 3625 548 3692; x_wconf 88' lang='lat' dir='ltr'>addo,</span> <span class='ocrx_word' id='word_1_214' title='bbox 568 3625 633 3698; x_wconf 86' lang='lat' dir='ltr'>quia</span> <span class='ocrx_word' id='word_1_215' title='bbox 659 3626 729 3682; x_wconf 89' lang='lat' dir='ltr'>mibi</span> <span class='ocrx_word' id='word_1_216' title='bbox 755 3627 885 3682; x_wconf 87' lang='lat' dir='ltr'>videntur</span> <span class='ocrx_word' id='word_1_217' title='bbox 912 3627 1054 3683; x_wconf 89' lang='lat' dir='ltr'>continere</span> <span class='ocrx_word' id='word_1_218' title='bbox 1082 3624 1208 3697; x_wconf 87' lang='lat' dir='ltr'>exempla</span> 
     </span>
    </p>
   </div>
   <div class='ocr_carea' id='block_1_8' title="bbox 189 3717 1207 3971">
    <p class='ocr_par' dir='ltr' id='par_1_8' title="bbox 189 3717 1207 3971">
     <span class='ocr_line' id='line_1_30' title="bbox 193 3717 1207 3790; baseline 0 -18"><span class='ocrx_word' id='word_1_219' title='bbox 193 3717 458 3789; x_wconf 82' lang='lat' dir='ltr'>conduplicotionis</span> <span class='ocrx_word' id='word_1_220' title='bbox 486 3733 569 3790; x_wconf 78' lang='lat' dir='ltr'>quum</span> <span class='ocrx_word' id='word_1_221' title='bbox 586 3722 670 3774; x_wconf 84' lang='lat' dir='ltr'>vocat</span> <span class='ocrx_word' id='word_1_222' title='bbox 688 3723 787 3774; x_wconf 88' lang='lat' dir='ltr'>auctor</span> <span class='ocrx_word' id='word_1_223' title='bbox 805 3717 888 3774; x_wconf 88' lang='lat' dir='ltr'>Rhet.</span> <span class='ocrx_word' id='word_1_224' title='bbox 908 3719 942 3773; x_wconf 85' lang='lat' dir='ltr'>ad</span> <span class='ocrx_word' id='word_1_225' title='bbox 960 3717 1082 3774; x_wconf 85' lang='lat' dir='ltr'>Herenn.</span> <span class='ocrx_word' id='word_1_226' title='bbox 1103 3719 1140 3786; x_wconf 82' lang='grc'>(4,</span> <span class='ocrx_word' id='word_1_227' title='bbox 1149 3718 1207 3788; x_wconf 81' lang='grc'><strong>28),</strong></span> 
     </span>
     <span class='ocr_line' id='line_1_31' title="bbox 191 3805 1205 3881; baseline 0 -19"><span class='ocrx_word' id='word_1_228' title='bbox 191 3805 249 3862; x_wconf 80' lang='lat' dir='ltr'>hos</span> <span class='ocrx_word' id='word_1_229' title='bbox 268 3805 345 3862; x_wconf 87' lang='lat' dir='ltr'>locos</span> <span class='ocrx_word' id='word_1_230' title='bbox 364 3805 464 3862; x_wconf 77' lang='lat' dir='ltr'>Catuli,</span> <span class='ocrx_word' id='word_1_231' title='bbox 483 3806 569 3876; x_wconf 83' lang='lat'>9,3·6.</span> <span class='ocrx_word' id='word_1_232' title='bbox 590 3807 646 3878; x_wconf 80' lang='lat'>13,1</span> <span class='ocrx_word' id='word_1_233' title='bbox 667 3823 744 3880; x_wconf 83' lang='lat' dir='ltr'>seqq.</span> <span class='ocrx_word' id='word_1_234' title='bbox 764 3807 830 3874; x_wconf 81' lang='lat'>25,6</span> <span class='ocrx_word' id='word_1_235' title='bbox 849 3824 925 3880; x_wconf 88' lang='lat' dir='ltr'>seqq.</span> <span class='ocrx_word' id='word_1_236' title='bbox 946 3805 1008 3875; x_wconf 86' lang='lat'>39,1</span> <span class='ocrx_word' id='word_1_237' title='bbox 1031 3825 1108 3881; x_wconf 83' lang='lat' dir='ltr'>seqq.</span> <span class='ocrx_word' id='word_1_238' title='bbox 1129 3807 1205 3874; x_wconf 69' lang='lat' dir='ltr'>bip.</span> 
     </span>
     <span class='ocr_line' id='line_1_32' title="bbox 189 3895 588 3971; baseline -0.015 -17"><span class='ocrx_word' id='word_1_239' title='bbox 189 3895 306 3964; x_wconf 83' lang='lat' dir='ltr'>52.56,l</span> <span class='ocrx_word' id='word_1_240' title='bbox 328 3913 407 3969; x_wconf 83' lang='lat' dir='ltr'>seqq.</span> <span class='ocrx_word' id='word_1_241' title='bbox 426 3895 488 3966; x_wconf 83' lang='lat'>58,1</span> <span class='ocrx_word' id='word_1_242' title='bbox 510 3913 588 3971; x_wconf 85' lang='lat' dir='ltr'>seqq.</span> 
     </span>
    </p>
   </div>
   <div class='ocr_carea' id='block_1_9' title="bbox 573 4051 837 4076">
    <p class='ocr_par' dir='ltr' id='par_1_9' title="bbox 573 4051 837 4076">
     <span class='ocr_line' id='line_1_33' title="bbox 573 4051 837 4076; baseline -0.008 0"><span class='ocrx_word' id='word_1_243' title='bbox 573 4051 837 4076; x_wconf 41' lang='lat' dir='ltr'><em>Q</em></span> 
     </span>
    </p>
   </div>
   <div class='ocr_carea' id='block_1_10' title="bbox 0 0 1587 5104">
    <p class='ocr_par' dir='ltr' id='par_1_10' title="bbox 0 0 1587 5104">
     <span class='ocr_line' id='line_1_34' title="bbox 0 0 1587 5104; baseline 0 0"><span class='ocrx_word' id='word_1_244' title='bbox 0 0 1587 5104; x_wconf 95' lang='lat' dir='ltr'> </span> 
     </span>
    </p>
   </div>
  </div>
 </body>
</html>
