3164 5104
448 419 482 472 34
759 431 796 469 an
815 428 965 470 olrannum
982 415 1027 480 66,
1038 414 1073 468 59

411 549 448 608 ut
470 562 539 608 non
562 542 758 628 longissime
783 541 958 605 averitate
972 541 1138 618 aberrem,
1157 542 1186 605 si
1202 542 1248 606 ita
1263 546 1426 620 statuere,

316 647 319 652 ’
411 649 580 716 Catullum
603 647 744 715 fortasse
769 647 956 732 scripsisse:

493 847 517 918 (ξ
532 861 630 920 Sidus
650 862 694 920 ibi
715 861 801 920 vario
815 879 853 920 ne
875 860 973 919 solum
994 861 1025 918 in
1045 860 1159 921 lumine
1180 859 1300 920 caeli.»

454 1084 576 1152 Solum
600 1084 770 1170 epitheton
796 1082 979 1169 pertinebit
1000 1083 1065 1149 hae
1091 1085 1222 1152 ratione
1244 1083 1285 1148 ad
1307 1084 1428 1162 sidua,

414 1192 499 1277 quod
523 1191 626 1256 multo
650 1192 760 1276 aptius
784 1188 860 1255 fieri
873 1173 1006 1255 videtur
1021 1211 1122 1274 quam
1138 1191 1167 1254 si
1182 1189 1433 1256 adverbialiter

411 1299 445 1364 id
461 1299 657 1384 accipiatur.
681 1299 883 1373 Praeterea,
915 1296 1002 1381 quod
1025 1299 1206 1362 maximum
1231 1304 1298 1375 est,
1321 1299 1432 1365 sidus

412 1407 447 1470 in
470 1427 504 1470 v.
529 1404 573 1471 59
596 1403 639 1470 ad
661 1404 763 1495 sidus
786 1405 821 1467 in
844 1425 878 1469 v.
896 1402 940 1468 64
956 1404 1118 1492 concinne
1139 1410 1238 1490 atque
1254 1403 1296 1469 ad
1312 1403 1434 1470 Catul-

412 1513 541 1577 lianum
564 1492 698 1576 dicendi
721 1529 826 1593 genus
849 1497 1010 1596 perquam
1024 1501 1266 1576 aeoommodate
1287 1529 1434 1597 respon-

414 1618 515 1696 debit,
548 1617 780 1700 sententiaque
816 1617 945 1681 orietur
979 1616 1166 1702 expeditior
1197 1622 1230 1680 et
1260 1615 1431 1701 perfacile

413 1743 564 1789 currens.

457 1828 552 1908 Quod
576 1831 639 1895 nisi
660 1829 825 1915 phalangi
847 1829 897 1894 illi
921 1830 1117 1895 criticorum
1133 1848 1185 1894 me
1206 1827 1429 1894 inserendum

412 1937 594 2022 putaveris,
619 1937 675 2020 qui
696 1938 734 2000 'in
757 1937 820 2001 isto
842 1955 947 2000 versu
970 1954 1265 2022 supervacaneum,
1282 1955 1324 2000 ne
1346 1956 1433 2022 per-

411 2044 578 2116 niciosum
600 2041 718 2120 dioam,
744 2043 893 2107 laborem
917 2040 1204 2120 emendaverunt,
1232 2042 1323 2126 leges
1347 2062 1432 2106 me-

414 2170 507 2215 eum:

493 2364 511 2406 «
531 2344 629 2404 Sidus
649 2345 692 2404 ibi
712 2345 798 2404 vario
820 2363 857 2403 ne
878 2349 978 2406 solum
998 2347 1028 2405 in
1049 2345 1162 2405 lumine
1184 2344 1260 2404 caeli

531 2444 580 2502 Ex
594 2440 757 2502 Ariadneis
782 2459 873 2502 aurea
895 2442 1082 2520 temporibus

490 2543 567 2603 Fixa
588 2561 698 2601 corona
718 2542 808 2617 foret,
828 2545 880 2603 sed
901 2561 955 2602 nos
977 2562 1095 2620 quoque
1114 2541 1303 2620 fulgeremus

532 2641 665 2700 Devotae
689 2639 762 2698 ilari
781 2641 903 2700 verticis
925 2641 1062 2717 exuviae,

491 2738 655 2797 Uvidulam
676 2757 693 2797 a
715 2739 787 2798 fletu
808 2737 966 2799 cedentem
989 2742 1025 2800 ad
1046 2738 1159 2816 templa
1183 2740 1272 2799 deum
1293 2757 1342 2798 me

532 2836 630 2896 Sidus
649 2836 680 2894 in
704 2836 834 2912 antiquis
857 2837 926 2896 diva
944 2855 1056 2897 novom
1077 2837 1184 2914 posuit.
1210 2859 1225 2894 s
