<?xml version="1.0" encoding="UTF-8"?>
<!DOCTYPE html PUBLIC "-//W3C//DTD XHTML 1.0 Transitional//EN"
    "http://www.w3.org/TR/xhtml1/DTD/xhtml1-transitional.dtd">
<html xmlns="http://www.w3.org/1999/xhtml" xml:lang="en" lang="en">
 <head>
  <title>
</title>
<meta http-equiv="Content-Type" content="text/html;charset=utf-8" />
  <meta name='ocr-system' content='tesseract 3.04.00' />
  <meta name='ocr-capabilities' content='ocr_page ocr_carea ocr_par ocr_line ocrx_word'/>
</head>
<body>
  <div class='ocr_page' id='page_1' title='image "animadversiones00tartgoog_0012.png"; bbox 0 0 3164 5104; ppageno 0'>
   <div class='ocr_carea' id='block_1_1' title="bbox 407 960 1037 1065">
    <p class='ocr_par' dir='ltr' id='par_1_1' title="bbox 407 960 1037 1065">
     <span class='ocr_line' id='line_1_1' title="bbox 407 960 1037 1065; baseline -0.008 -25"><span class='ocrx_word' id='word_1_1' title='bbox 407 961 489 1041; x_wconf 86' lang='lat' dir='ltr'>AD</span> <span class='ocrx_word' id='word_1_2' title='bbox 522 963 889 1048; x_wconf 88' lang='lat' dir='ltr'><strong>CATULLUM</strong></span> <span class='ocrx_word' id='word_1_3' title='bbox 925 960 1037 1065; x_wconf 78' lang='lat'>2‚7-8</span> 
     </span>
    </p>
   </div>
   <div class='ocr_carea' id='block_1_2' title="bbox 222 2105 1246 2516">
    <p class='ocr_par' dir='ltr' id='par_1_2' title="bbox 222 2105 1246 2516">
     <span class='ocr_line' id='line_1_2' title="bbox 320 2105 1245 2192; baseline 0.004 -19"><span class='ocrx_word' id='word_1_4' title='bbox 320 2110 346 2173; x_wconf 92' lang='grc' dir='ltr'>Ι.</span> <span class='ocrx_word' id='word_1_5' title='bbox 371 2105 556 2173; x_wconf 75' lang='lat' dir='ltr'>Viridocti</span> <span class='ocrx_word' id='word_1_6' title='bbox 581 2107 748 2191; x_wconf 81' lang='lat' dir='ltr'><strong>permulti,</strong></span> <span class='ocrx_word' id='word_1_7' title='bbox 778 2109 838 2172; x_wconf 87' lang='lat' dir='ltr'>toti</span> <span class='ocrx_word' id='word_1_8' title='bbox 866 2128 965 2192; x_wconf 86' lang='lat' dir='ltr'>quum</span> <span class='ocrx_word' id='word_1_9' title='bbox 997 2111 1030 2173; x_wconf 86' lang='lat' dir='ltr'>et</span> <span class='ocrx_word' id='word_1_10' title='bbox 1057 2109 1186 2177; x_wconf 81' lang='lat' dir='ltr'>fuerint</span> <span class='ocrx_word' id='word_1_11' title='bbox 1212 2121 1245 2176; x_wconf 87' lang='lat' dir='ltr'>et</span> 
     </span>
     <span class='ocr_line' id='line_1_3' title="bbox 222 2213 1244 2304; baseline 0.003 -23"><span class='ocrx_word' id='word_1_12' title='bbox 222 2216 346 2282; x_wconf 88' lang='lat' dir='ltr'>sintin</span> <span class='ocrx_word' id='word_1_13' title='bbox 361 2215 489 2279; x_wconf 89' lang='lat' dir='ltr'>duobus</span> <span class='ocrx_word' id='word_1_14' title='bbox 506 2213 579 2277; x_wconf 90' lang='lat' dir='ltr'>istis</span> <span class='ocrx_word' id='word_1_15' title='bbox 596 2213 752 2278; x_wconf 84' lang='lat' dir='ltr'>versibus</span> <span class='ocrx_word' id='word_1_16' title='bbox 771 2215 897 2282; x_wconf 88' lang='lat' dir='ltr'>Catulli</span> <span class='ocrx_word' id='word_1_17' title='bbox 915 2216 1130 2283; x_wconf 82' lang='lat' dir='ltr'>emendandis</span> <span class='ocrx_word' id='word_1_18' title='bbox 1144 2225 1244 2304; x_wconf 88' lang='lat' dir='ltr'>atque</span> 
     </span>
     <span class='ocr_line' id='line_1_4' title="bbox 226 2319 1242 2410; baseline 0.004 -23"><span class='ocrx_word' id='word_1_19' title='bbox 226 2323 274 2388; x_wconf 91' lang='lat' dir='ltr'>ad</span> <span class='ocrx_word' id='word_1_20' title='bbox 308 2323 482 2408; x_wconf 83' lang='lat' dir='ltr'>pristinam</span> <span class='ocrx_word' id='word_1_21' title='bbox 517 2319 660 2385; x_wconf 85' lang='lat' dir='ltr'>formam</span> <span class='ocrx_word' id='word_1_22' title='bbox 696 2322 988 2407; x_wconf 76' lang='lat' dir='ltr'>integritatemque</span> <span class='ocrx_word' id='word_1_23' title='bbox 1029 2324 1242 2410; x_wconf 55' lang='lat' dir='ltr'>redigendis</span> 
     </span>
     <span class='ocr_line' id='line_1_5' title="bbox 226 2414 1246 2516; baseline 0.003 -20"><span class='ocrx_word' id='word_1_24' title='bbox 226 2432 346 2496; x_wconf 90' lang='lat' dir='ltr'>nescio</span> <span class='ocrx_word' id='word_1_25' title='bbox 370 2414 412 2493; x_wconf 85' lang='lat' dir='ltr'>an</span> <span class='ocrx_word' id='word_1_26' title='bbox 434 2427 639 2492; x_wconf 91' lang='lat' dir='ltr'>medicorum</span> <span class='ocrx_word' id='word_1_27' title='bbox 662 2427 737 2492; x_wconf 84' lang='lat' dir='ltr'>vice</span> <span class='ocrx_word' id='word_1_28' title='bbox 766 2429 832 2491; x_wconf 89' lang='lat' dir='ltr'>sint</span> <span class='ocrx_word' id='word_1_29' title='bbox 864 2429 985 2506; x_wconf 86' lang='lat' dir='ltr'>functi,</span> <span class='ocrx_word' id='word_1_30' title='bbox 1012 2432 1067 2516; x_wconf 91' lang='lat' dir='ltr'>qui</span> <span class='ocrx_word' id='word_1_31' title='bbox 1097 2431 1246 2499; x_wconf 85' lang='lat' dir='ltr'>fomenta</span> 
     </span>
    </p>
   </div>
   <div class='ocr_carea' id='block_1_3' title="bbox 226 2535 1261 4110">
    <p class='ocr_par' dir='ltr' id='par_1_3' title="bbox 226 2535 1261 4110">
     <span class='ocr_line' id='line_1_6' title="bbox 228 2535 1248 2619; baseline 0.003 -17"><span class='ocrx_word' id='word_1_32' title='bbox 228 2545 265 2602; x_wconf 90' lang='lat' dir='ltr'>et</span> <span class='ocrx_word' id='word_1_33' title='bbox 278 2536 496 2602; x_wconf 76' lang='lat' dir='ltr'>medicamina</span> <span class='ocrx_word' id='word_1_34' title='bbox 512 2535 617 2599; x_wconf 89' lang='lat' dir='ltr'>omnis</span> <span class='ocrx_word' id='word_1_35' title='bbox 627 2536 767 2619; x_wconf 79' lang='lat' dir='ltr'>generis</span> <span class='ocrx_word' id='word_1_36' title='bbox 781 2535 959 2600; x_wconf 76' lang='lat' dir='ltr'>adhibeant</span> <span class='ocrx_word' id='word_1_37' title='bbox 973 2538 1128 2604; x_wconf 87' lang='lat' dir='ltr'>sanando</span> <span class='ocrx_word' id='word_1_38' title='bbox 1145 2551 1248 2605; x_wconf 90' lang='lat' dir='ltr'>mem-</span> 
     </span>
     <span class='ocr_line' id='line_1_7' title="bbox 226 2641 1247 2730; baseline 0 -19"><span class='ocrx_word' id='word_1_39' title='bbox 226 2648 294 2711; x_wconf 85' lang='lat' dir='ltr'>bro</span> <span class='ocrx_word' id='word_1_40' title='bbox 318 2641 482 2719; x_wconf 89' lang='lat' dir='ltr'>morboso,</span> <span class='ocrx_word' id='word_1_41' title='bbox 508 2641 594 2725; x_wconf 91' lang='lat' dir='ltr'>quod</span> <span class='ocrx_word' id='word_1_42' title='bbox 613 2647 729 2720; x_wconf 85' lang='lat' dir='ltr'>tamen</span> <span class='ocrx_word' id='word_1_43' title='bbox 753 2661 819 2706; x_wconf 91' lang='lat' dir='ltr'>non</span> <span class='ocrx_word' id='word_1_44' title='bbox 844 2644 886 2707; x_wconf 91' lang='lat' dir='ltr'>sit</span> <span class='ocrx_word' id='word_1_45' title='bbox 910 2643 1065 2710; x_wconf 85' lang='lat' dir='ltr'>remediis</span> <span class='ocrx_word' id='word_1_46' title='bbox 1081 2650 1247 2730; x_wconf 87' lang='lat' dir='ltr'>temptan-</span> 
     </span>
     <span class='ocr_line' id='line_1_8' title="bbox 230 2747 1243 2840; baseline 0.002 -24"><span class='ocrx_word' id='word_1_47' title='bbox 230 2753 321 2828; x_wconf 86' lang='lat' dir='ltr'>dum,</span> <span class='ocrx_word' id='word_1_48' title='bbox 338 2749 396 2814; x_wconf 90' lang='lat' dir='ltr'>sed</span> <span class='ocrx_word' id='word_1_49' title='bbox 412 2747 507 2814; x_wconf 86' lang='lat' dir='ltr'>ferro</span> <span class='ocrx_word' id='word_1_50' title='bbox 525 2747 754 2814; x_wconf 89' lang='lat' dir='ltr'>recidendum.</span> <span class='ocrx_word' id='word_1_51' title='bbox 774 2748 841 2814; x_wconf 89' lang='lat' dir='ltr'>Nos</span> <span class='ocrx_word' id='word_1_52' title='bbox 863 2770 955 2827; x_wconf 88' lang='lat' dir='ltr'>vero,</span> <span class='ocrx_word' id='word_1_53' title='bbox 982 2754 1155 2838; x_wconf 81' lang='lat' dir='ltr'>suspicati,</span> <span class='ocrx_word' id='word_1_54' title='bbox 1186 2755 1243 2840; x_wconf 88' lang='lat' dir='ltr'>qui</span> 
     </span>
     <span class='ocr_line' id='line_1_9' title="bbox 227 2855 1245 2941; baseline 0.004 -19"><span class='ocrx_word' id='word_1_55' title='bbox 227 2857 395 2922; x_wconf 84' lang='lat' dir='ltr'>versiculi</span> <span class='ocrx_word' id='word_1_56' title='bbox 425 2857 532 2941; x_wconf 87' lang='lat' dir='ltr'>prima</span> <span class='ocrx_word' id='word_1_57' title='bbox 568 2857 678 2920; x_wconf 89' lang='lat' dir='ltr'>statim</span> <span class='ocrx_word' id='word_1_58' title='bbox 705 2855 815 2921; x_wconf 83' lang='lat' dir='ltr'>fronte</span> <span class='ocrx_word' id='word_1_59' title='bbox 851 2857 1050 2924; x_wconf 90' lang='lat' dir='ltr'>emendandi</span> <span class='ocrx_word' id='word_1_60' title='bbox 1085 2861 1245 2926; x_wconf 88' lang='lat' dir='ltr'>videntur</span> 
     </span>
     <span class='ocr_line' id='line_1_10' title="bbox 231 2962 1249 3070; baseline 0.002 -39"><span class='ocrx_word' id='word_1_61' title='bbox 231 2986 280 3032; x_wconf 87' lang='lat' dir='ltr'>ne</span> <span class='ocrx_word' id='word_1_62' title='bbox 305 2965 327 3029; x_wconf 92' lang='lat' dir='ltr'>ii</span> <span class='ocrx_word' id='word_1_63' title='bbox 352 2966 419 3029; x_wconf 90' lang='lat' dir='ltr'>sint</span> <span class='ocrx_word' id='word_1_64' title='bbox 442 2963 553 3048; x_wconf 89' lang='lat' dir='ltr'>potius</span> <span class='ocrx_word' id='word_1_65' title='bbox 575 2962 756 3047; x_wconf 84' lang='lat' dir='ltr'>ablegandi</span> <span class='ocrx_word' id='word_1_66' title='bbox 789 2970 821 3028; x_wconf 86' lang='lat' dir='ltr'>et</span> <span class='ocrx_word' id='word_1_67' title='bbox 848 2965 982 3048; x_wconf 85' lang='lat' dir='ltr'>penitus</span> <span class='ocrx_word' id='word_1_68' title='bbox 1007 2968 1173 3046; x_wconf 86' lang='lat' dir='ltr'>eiiciendi,</span> <span class='ocrx_word' id='word_1_69' title='bbox 1198 2970 1249 3070; x_wconf 71' lang='lat' dir='ltr'>al·</span> 
     </span>
     <span class='ocr_line' id='line_1_11' title="bbox 230 3061 1248 3156; baseline 0.002 -18"><span class='ocrx_word' id='word_1_70' title='bbox 230 3075 300 3140; x_wconf 84' lang='lat' dir='ltr'>tius</span> <span class='ocrx_word' id='word_1_71' title='bbox 323 3089 488 3156; x_wconf 83' lang='lat' dir='ltr'>quaerere</span> <span class='ocrx_word' id='word_1_72' title='bbox 517 3069 611 3135; x_wconf 92' lang='lat' dir='ltr'>dere</span> <span class='ocrx_word' id='word_1_73' title='bbox 628 3070 843 3146; x_wconf 87' lang='lat' dir='ltr'>instituimus,</span> <span class='ocrx_word' id='word_1_74' title='bbox 862 3080 910 3136; x_wconf 59' lang='lat' dir='ltr'>,ut</span> <span class='ocrx_word' id='word_1_75' title='bbox 938 3072 1182 3139; x_wconf 85' lang='lat' dir='ltr'>dissereremus</span> <span class='ocrx_word' id='word_1_76' title='bbox 1206 3061 1248 3140; x_wconf 76' lang='lat' dir='ltr'>de</span> 
     </span>
     <span class='ocr_line' id='line_1_12' title="bbox 226 3177 1243 3265; baseline 0.003 -20"><span class='ocrx_word' id='word_1_77' title='bbox 226 3182 355 3245; x_wconf 77' lang='lat' dir='ltr'>&#39;horum</span> <span class='ocrx_word' id='word_1_78' title='bbox 379 3197 538 3243; x_wconf 86' lang='lat' dir='ltr'>versuum</span> <span class='ocrx_word' id='word_1_79' title='bbox 563 3177 629 3242; x_wconf 84' lang='lat' dir='ltr'>iam</span> <span class='ocrx_word' id='word_1_80' title='bbox 643 3192 714 3243; x_wconf 86' lang='lat' dir='ltr'>¹non</span> <span class='ocrx_word' id='word_1_81' title='bbox 732 3179 932 3265; x_wconf 67' lang='lat' dir='ltr'>tnteqrz&#39;tute</span> <span class='ocrx_word' id='word_1_82' title='bbox 950 3182 1008 3246; x_wconf 86' lang='lat' dir='ltr'>sed</span> <span class='ocrx_word' id='word_1_83' title='bbox 1024 3183 1243 3250; x_wconf 73' lang='lat' dir='ltr'>sinceritate.</span> 
     </span>
     <span class='ocr_line' id='line_1_13' title="bbox 229 3283 1247 3374; baseline 0.004 -24"><span class='ocrx_word' id='word_1_84' title='bbox 229 3287 304 3374; x_wconf 86' lang='lat' dir='ltr'>Nec</span> <span class='ocrx_word' id='word_1_85' title='bbox 326 3290 448 3362; x_wconf 89' lang='lat' dir='ltr'>tamen,</span> <span class='ocrx_word' id='word_1_86' title='bbox 474 3285 536 3348; x_wconf 87' lang='lat' dir='ltr'>etsi</span> <span class='ocrx_word' id='word_1_87' title='bbox 559 3283 606 3348; x_wconf 89' lang='lat' dir='ltr'>ita</span> <span class='ocrx_word' id='word_1_88' title='bbox 623 3285 732 3362; x_wconf 89' lang='lat' dir='ltr'>nohis,</span> <span class='ocrx_word' id='word_1_89' title='bbox 752 3305 849 3370; x_wconf 89' lang='lat' dir='ltr'>quam</span> <span class='ocrx_word' id='word_1_90' title='bbox 871 3287 1074 3373; x_wconf 86' lang='lat' dir='ltr'>dataopera</span> <span class='ocrx_word' id='word_1_91' title='bbox 1098 3296 1247 3373; x_wconf 87' lang='lat' dir='ltr'>pertrac-</span> 
     </span>
     <span class='ocr_line' id='line_1_14' title="bbox 228 3389 1245 3481; baseline 0.001 -22"><span class='ocrx_word' id='word_1_92' title='bbox 228 3402 352 3470; x_wconf 85' lang='lat' dir='ltr'>temus,</span> <span class='ocrx_word' id='word_1_93' title='bbox 370 3411 492 3456; x_wconf 87' lang='lat' dir='ltr'>novam</span> <span class='ocrx_word' id='word_1_94' title='bbox 508 3389 598 3455; x_wconf 89' lang='lat' dir='ltr'>hanc</span> <span class='ocrx_word' id='word_1_95' title='bbox 614 3393 843 3474; x_wconf 89' lang='lat' dir='ltr'>quaestionem</span> <span class='ocrx_word' id='word_1_96' title='bbox 859 3396 1103 3481; x_wconf 85' lang='lat' dir='ltr'>proposuimus,</span> <span class='ocrx_word' id='word_1_97' title='bbox 1123 3397 1245 3460; x_wconf 89' lang='lat' dir='ltr'>missas</span> 
     </span>
     <span class='ocr_line' id='line_1_15' title="bbox 231 3499 1261 3588; baseline 0.003 -24"><span class='ocrx_word' id='word_1_98' title='bbox 231 3501 369 3565; x_wconf 91' lang='lat' dir='ltr'>omnino</span> <span class='ocrx_word' id='word_1_99' title='bbox 400 3517 457 3562; x_wconf 89' lang='lat' dir='ltr'>eas</span> <span class='ocrx_word' id='word_1_100' title='bbox 490 3499 702 3582; x_wconf 86' lang='lat' dir='ltr'>quaestiones</span> <span class='ocrx_word' id='word_1_101' title='bbox 733 3499 896 3565; x_wconf 80' lang='lat' dir='ltr'>faciemus</span> <span class='ocrx_word' id='word_1_102' title='bbox 927 3521 1012 3588; x_wconf 87' lang='lat' dir='ltr'>quae</span> <span class='ocrx_word' id='word_1_103' title='bbox 1037 3503 1103 3565; x_wconf 90' lang='lat' dir='ltr'>iam</span> <span class='ocrx_word' id='word_1_104' title='bbox 1128 3501 1205 3567; x_wconf 90' lang='lat' dir='ltr'>inde</span> <span class='ocrx_word' id='word_1_105' title='bbox 1227 3509 1261 3566; x_wconf 84' lang='lat' dir='ltr'>a&#39;</span> 
     </span>
     <span class='ocr_line' id='line_1_16' title="bbox 230 3606 1247 3693; baseline 0.001 -21"><span class='ocrx_word' id='word_1_106' title='bbox 230 3609 363 3672; x_wconf 85' lang='lat' dir='ltr'>renatis</span> <span class='ocrx_word' id='word_1_107' title='bbox 387 3607 510 3670; x_wconf 86' lang='lat' dir='ltr'>litteris</span> <span class='ocrx_word' id='word_1_108' title='bbox 535 3606 670 3671; x_wconf 85' lang='lat' dir='ltr'>criticos</span> <span class='ocrx_word' id='word_1_109' title='bbox 695 3612 859 3691; x_wconf 84' lang='lat' dir='ltr'>torquere</span> <span class='ocrx_word' id='word_1_110' title='bbox 877 3613 1138 3685; x_wconf 89' lang='lat' dir='ltr'>consueverunt,</span> <span class='ocrx_word' id='word_1_111' title='bbox 1156 3628 1247 3693; x_wconf 86' lang='lat' dir='ltr'>qua-</span> 
     </span>
     <span class='ocr_line' id='line_1_17' title="bbox 230 3712 1248 3799; baseline 0.002 -22"><span class='ocrx_word' id='word_1_112' title='bbox 230 3734 308 3779; x_wconf 88' lang='lat' dir='ltr'>rum</span> <span class='ocrx_word' id='word_1_113' title='bbox 332 3714 537 3799; x_wconf 90' lang='lat' dir='ltr'>potissimum</span> <span class='ocrx_word' id='word_1_114' title='bbox 561 3717 639 3777; x_wconf 88' lang='lat' dir='ltr'>sunt</span> <span class='ocrx_word' id='word_1_115' title='bbox 663 3712 760 3794; x_wconf 87' lang='lat' dir='ltr'>duae,</span> <span class='ocrx_word' id='word_1_116' title='bbox 791 3734 859 3798; x_wconf 87' lang='lat' dir='ltr'>una</span> <span class='ocrx_word' id='word_1_117' title='bbox 892 3714 930 3780; x_wconf 94' lang='lat' dir='ltr'>de</span> <span class='ocrx_word' id='word_1_118' title='bbox 962 3720 1135 3780; x_wconf 77' lang='lat' dir='ltr'>structura</span> <span class='ocrx_word' id='word_1_119' title='bbox 1165 3735 1248 3781; x_wconf 85' lang='lat' dir='ltr'>car-</span> 
     </span>
     <span class='ocr_line' id='line_1_18' title="bbox 230 3817 1247 3898; baseline 0.002 -14"><span class='ocrx_word' id='word_1_120' title='bbox 230 3820 346 3898; x_wconf 85' lang='lat' dir='ltr'>minis,</span> <span class='ocrx_word' id='word_1_121' title='bbox 364 3821 427 3884; x_wconf 91' lang='lat' dir='ltr'>hoc</span> <span class='ocrx_word' id='word_1_122' title='bbox 452 3825 503 3884; x_wconf 90' lang='lat' dir='ltr'>est</span> <span class='ocrx_word' id='word_1_123' title='bbox 527 3819 567 3884; x_wconf 92' lang='lat' dir='ltr'>de</span> <span class='ocrx_word' id='word_1_124' title='bbox 590 3839 729 3886; x_wconf 85' lang='lat' dir='ltr'>numero</span> <span class='ocrx_word' id='word_1_125' title='bbox 751 3841 922 3897; x_wconf 88' lang='lat' dir='ltr'>versuum,</span> <span class='ocrx_word' id='word_1_126' title='bbox 947 3821 1056 3886; x_wconf 87' lang='lat' dir='ltr'>attera</span> <span class='ocrx_word' id='word_1_127' title='bbox 1080 3817 1120 3886; x_wconf 81' lang='lat' dir='ltr'>de&#39;</span> <span class='ocrx_word' id='word_1_128' title='bbox 1144 3841 1247 3886; x_wconf 89' lang='lat' dir='ltr'>sensu</span> 
     </span>
     <span class='ocr_line' id='line_1_19' title="bbox 227 3925 1245 4013; baseline 0.002 -21"><span class='ocrx_word' id='word_1_129' title='bbox 227 3925 336 3992; x_wconf 83' lang='lat' dir='ltr'>totius</span> <span class='ocrx_word' id='word_1_130' title='bbox 355 3926 525 4004; x_wconf 89' lang='lat' dir='ltr'>carminis,</span> <span class='ocrx_word' id='word_1_131' title='bbox 551 3927 659 3992; x_wconf 84' lang='lat' dir='ltr'>acturi</span> <span class='ocrx_word' id='word_1_132' title='bbox 676 3927 716 3992; x_wconf 88' lang='lat' dir='ltr'>de</span> <span class='ocrx_word' id='word_1_133' title='bbox 732 3929 886 3994; x_wconf 89' lang='lat' dir='ltr'>omnihus</span> <span class='ocrx_word' id='word_1_134' title='bbox 902 3929 969 3994; x_wconf 90' lang='lat' dir='ltr'>huc</span> <span class='ocrx_word' id='word_1_135' title='bbox 985 3929 1245 4013; x_wconf 65' lang='lat' dir='ltr'>pertinentibus</span> 
     </span>
     <span class='ocr_line' id='line_1_20' title="bbox 229 4033 916 4110; baseline 0 -10"><span class='ocrx_word' id='word_1_136' title='bbox 229 4035 387 4100; x_wconf 79' lang='lat' dir='ltr'>breviter</span> <span class='ocrx_word' id='word_1_137' title='bbox 411 4033 551 4110; x_wconf 82' lang='lat' dir='ltr'>scilicet,</span> <span class='ocrx_word' id='word_1_138' title='bbox 580 4033 636 4099; x_wconf 89' lang='lat' dir='ltr'>sed</span> <span class='ocrx_word' id='word_1_139' title='bbox 661 4036 767 4099; x_wconf 89' lang='lat' dir='ltr'>acturi</span> <span class='ocrx_word' id='word_1_140' title='bbox 792 4034 916 4101; x_wconf 83' lang='lat' dir='ltr'>tamen.</span> 
     </span>
    </p>
   </div>
   <div class='ocr_carea' id='block_1_4' title="bbox 0 0 1589 5104">
    <p class='ocr_par' dir='ltr' id='par_1_4' title="bbox 0 0 1589 5104">
     <span class='ocr_line' id='line_1_21' title="bbox 0 0 1589 5104; baseline 0 0"><span class='ocrx_word' id='word_1_141' title='bbox 0 0 1589 5104; x_wconf 95' lang='lat' dir='ltr'> </span> 
     </span>
    </p>
   </div>
  </div>
 </body>
</html>
