3164 5104
511 455 547 496 an
567 458 715 498 urrunnun
736 444 827 510 29,20
1110 445 1145 500 29

160 569 308 636 daturus
330 567 429 635 foret.
456 569 540 634 Eum
565 591 595 638 v.
621 571 642 636 3
664 590 723 638 suo
747 571 892 647 nomine,
917 591 948 634 v.
974 569 1016 635 13
1040 570 1102 636 sub
1118 591 1179 637 no·

163 679 264 744 mine
288 675 465 742 Mentulae
488 683 583 761 poeta
607 679 796 763 vituperat;
826 697 907 763 ergo
931 675 1044 742 fiotum
1060 698 1180 746 nomen

163 781 323 848 adhibuit
344 802 410 847 non
433 789 522 848 metu
546 783 604 849 sed
627 805 691 869 que
715 786 850 862 aerius,
875 783 1024 850 adhibito
1049 786 1100 851 rei
1124 785 1182 851 ob·

162 908 310 954 scaenae
333 891 480 969 nomine,
507 890 650 956 invisum
682 892 745 956 sibi
766 892 989 956 ‘For-mianum
1013 891 1178 957 hominem

163 1002 314 1063 notaret.
337 996 427 1081 Ergo
453 996 618 1063 falluntur
654 1001 710 1082 qui
734 997 780 1062 ita
805 998 999 1063 existimant
1025 995 1176 1086 (Teuffel,

166 1104 292 1172 Garat.
309 1103 373 1168 der
388 1103 488 1183 Ram,
507 1104 591 1171 Litt.
612 1107 706 1183 1875,
731 1127 761 1191 p.
786 1103 862 1191 424)
883 1103 1080 1172 Meatatam
1096 1110 1177 1174 tuna

165 1213 302 1279 demum
336 1218 490 1277 vocatum
515 1211 620 1278 fuisse
652 1213 857 1277 Mamurram
880 1232 900 1277 a
924 1211 1065 1292 Catullo,
1091 1218 1180 1299 post-

165 1339 271 1406 quam
296 1317 446 1386 Catullus
464 1317 570 1406 (Suet.
600 1319 693 1386 Gaea.
719 1319 774 1404 73)
794 1339 868 1385 cum
890 1319 1035 1387 Caesare
1053 1323 1088 1386 in
1104 1340 1181 1407 gra·

162 1428 251 1492 tiam
268 1424 425 1502 redierat;
444 1425 594 1492 videmus
608 1428 694 1492 enim
711 1427 744 1490 in
758 1445 822 1491 une
836 1426 1015 1512 eodemque
1028 1429 1177 1510 carmina

164 1535 208 1600 in
224 1532 402 1598 Caesarem
418 1533 516 1598 simul
532 1539 565 1598 et
581 1534 616 1597 in
633 1535 823 1600 Mentulam
846 1539 975 1619 poetam
993 1535 1176 1601 invectum.

260 1641 318 1707 IV.
343 1641 507 1706 Trimetro
531 1643 578 1707 ita
601 1647 716 1726 poetae
732 1640 910 1719 vindicam,
927 1647 1033 1709 restat
1050 1649 1085 1708 ut
1101 1661 1176 1710 eum

163 1745 398 1816 emendemua

217 1862 314 1928 Multi
341 1861 512 1951 (Faernus,
537 1815 651 1949 vulpi,
678 1865 793 1941 Dour„
829 1864 1176 1953 si11.,R0ssb.)cen-

163 1977 315 2040 suerunt
339 1970 572 2048 scribendum,

332 2155 349 2189 «
371 2133 458 2194 Hune
480 2131 596 2194 Galliae
617 2133 730 2192 timetis
750 2140 781 2195 et
801 2133 985 2196 Britanniae.
1010 2158 1026 2192 >›

215 2303 284 2370 Alii
308 2302 497 2392 (Froelieh.,
524 2298 717 2389 Schwab.):

331 2505 348 2539 «
370 2481 455 2544 Nune
478 2481 594 2543 Galliae
614 2483 737 2542 timetur
758 2488 788 2542 et
810 2481 988 2546 Britanniae.
1015 2509 1029 2536 »

215 2637 388 2704 Avaneius
404 2656 410 2699 :

253 2836 270 2868 «
292 2815 467 2888 Timentqua
489 2813 603 2873 Galliae
623 2813 711 2888 hune,
734 2815 839 2875 timent
861 2815 1032 2875 Britanniae
1075 2838 1089 2868 »

214 2966 394 3034 Turnebus
411 2984 418 3028 :

292 3167 308 3200 «
331 3146 487 3220 Timetque
509 3131 607 3205 Gallia
627 3145 715 3218 hune,
738 3145 824 3204 timet
844 3143 1012 3205 Britannia.
1041 3169 1056 3198 >›

214 3301 326 3364 Dousa
349 3302 467 3382 pater:

292 3478 450 3552 Timetque
472 3475 568 3555 Gallia
589 3477 678 3551 hune,
700 3478 807 3537 timent
826 3477 1009 3538 Britanniae.
1034 3501 1049 3530 ›>

216 3626 457 3695 Lachmannus
473 3645 479 3690 :

293 3808 310 3842 «
332 3787 416 3845 Time
437 3766 591 3847 Britannia
611 3786 699 3858 hune,
721 3785 822 3846 timete
844 3785 968 3846 Galliae.
991 3805 1004 3844 n

213 3942 264 4011 M.
291 3940 476 4024 HauptiuS,

296 4122 310 4150 «
334 4097 452 4158 Timete
474 4097 602 4174 Galliae,
624 4098 702 4157 hune
723 4095 796 4157 tima
818 4096 984 4158 Britannia.
1011 4119 1026 4154 >›
1075 4081 1078 4086 ’
