3164 5104
460 457 493 510 ll
767 473 805 509 en
823 437 972 510 caruncula
991 457 1017 520 2,
1029 455 1079 509 7-8

510 584 570 649 Vl.
598 583 645 646 De
670 585 787 646 octavo
811 602 913 646 versu
930 580 1053 647 Catulli
1070 581 1248 648 hactenus.
1276 581 1372 648 Nunc
1389 581 1432 648 de

419 690 569 774 septimo.
596 689 661 764 Qui
683 707 814 762 versus,
840 707 907 754 non
931 687 1014 753 adeo
1049 687 1200 772 pulcher,
1225 707 1292 754 non
1317 694 1431 754 tamen

423 796 585 860 abhorret
607 796 649 859 ab
673 801 747 858 arte
770 799 804 859 et
830 795 966 879 iugenio
1002 793 1216 871 Catulliano;
1254 801 1433 879 praeterea

422 903 578 988 congruit
602 903 777 966 sententia.
801 903 961 987 Namque,
986 907 1022 967 ut
1046 900 1087 966 de
1112 919 1211 966 sensu
1233 904 1334 967 totius
1355 923 1434 988 poe·

423 1010 520 1074 matis
544 1027 647 1094 pauca
672 1027 841 1096 moneam,⁴
864 1028 928 1073 nec
944 1009 1111 1073 assentior
1134 1008 1201 1073 illis
1226 1010 1294 1094 qui,
1309 1011 1357 1074 'ut
1379 1029 1435 1074 su·

423 1136 485 1201 pra
508 1115 698 1191 innuebam,
724 1115 785 1179 sub
809 1115 942 1180 nomine
971 1115 1133 1198 passeris
1156 1113 1246 1180 aliud
1273 1115 1352 1200 quid
1378 1137 1436 1180 su·

422 1224 520 1288 hesse
542 1221 675 1295 volunt:
699 1241 763 1286 nec
787 1220 854 1285 illis
878 1222 1034 1305 quicum
1061 1219 1242 1286 Corradino
1266 1222 1313 1286 De
1343 1220 1434 1286 Allio

422 1329 618 1394 existimant
643 1327 812 1394 Catullum
835 1327 961 1410 alloqui
992 1346 1160 1412 passerem
1195 1333 1434 1418 aegrotantem

424 1436 582 1511 Lesbiae;
607 1452 670 1498 nee
694 1432 762 1497 illis
788 1433 942 1517 quicum
967 1433 1106 1498 Heinsio
1131 1433 1340 1498 arbitrantur
1355 1454 1435 1519 poe-

422 1548 491 1606 tam
515 1555 683 1626 passerem
706 1537 793 1604 dono
818 1557 837 1603 a
860 1539 973 1622 puella
997 1540 1185 1624 accepisse;
1225 1559 1335 1625 neque
1363 1541 1432 1604 illis

423 1649 578 1732 quicum
602 1646 783 1730 Doeringio
808 1645 989 1730 opinantur
1012 1652 1144 1730 poetam
1161 1645 1341 1712 decantare
1358 1666 1436 1732 pas-

424 1774 532 1820 serem
554 1753 696 1817 Lesbiae
720 1751 855 1816 adeius
880 1771 981 1816 aures
1005 1752 1256 1837 permulcendos
1273 1755 1436 1838 gratiam·

421 1882 489 1946 que
512 1856 721 1945 captandam.
747 1858 827 1923 Illos
851 1859 908 1942 qui
930 1859 1028 1943 primi
1051 1861 1215 1924 nominati
1239 1866 1316 1924 suut
1332 1880 1435 1945 supra

424 1966 596 2052 redargui.
633 1964 827 2050 Opinionem
852 1983 978 2041 eorum,
1003 1984 1084 2050 quos
1110 1966 1256 2031 secundo
1280 1966 1353 2032 loco
1377 1987 1437 2032 no-

424 2074 563 2149 minavi,
590 2072 752 2137 somnium
777 2091 906 2135 merum
930 2077 1016 2157 puto,
1041 2076 1218 2157 propterea
1242 2071 1328 2156 quod
1345 2073 1434 2138 nihil

425 2181 471 2244 ibi
495 2178 537 2244 ad
559 2197 730 2264 passerem
765 2177 977 2261 nescioquem
1012 2183 1242 2262 aegrotantem
1265 2182 1432 2264 pertinet;

424 2285 576 2350 Catullus
598 2303 690 2360 vero,
714 2284 741 2348 si
765 2303 820 2348 res
845 2283 891 2348 ita
915 2303 989 2348 sese
1017 2284 1171 2359 haberet,
1197 2285 1317 2352 malam
1341 2286 1437 2352 vale·

423 2390 572 2456 tudinem
607 2390 754 2474 passeris
790 2389 969 2454 miseratus
1013 2398 1120 2467 esset,
1154 2384 1434 2475 quemadmodum

424 2504 540 2583 postea
563 2498 597 2561 in
622 2497 773 2563 carmine
796 2496 906 2572 tertio,
931 2517 951 2561 a
975 2497 1081 2581 primo
1095 2497 1287 2563 indeversu
1305 2498 1347 2563 ad
1363 2518 1437 2583 pos-

424 2613 579 2680 tremum,
606 2602 751 2668 eiusde'm
775 2610 917 2668 mortem
934 2603 1211 2669 estlamentatus.
1238 2604 1437 2670 Hariolatur

423 2717 535 2778 autem
558 2712 732 2786 Heinsius;
770 2718 883 2796 aperte
915 2711 1005 2776 enim
1029 2717 1062 2776 et
1084 2731 1144 2797 per
1167 2718 1271 2776 totum
1295 2731 1435 2776 carmen

381 2805 384 2814 ’
424 2825 522 2903 poeta
545 2818 684 2903 gratias,
709 2823 746 2880 ut
768 2837 829 2902 par
864 2822 947 2892 erat,
986 2818 1110 2903 egisset
1141 2818 1280 2894 amicae,
1307 2820 1436 2883 nonin

423 2945 490 2990 uno
514 2930 642 2989 tantum
665 2943 768 2989 versu
797 2925 853 3008 qui
874 2929 948 3008 post
970 2931 1123 2989 octavum
1147 2923 1235 2988 forte
1259 2922 1434 2990 exciderit.

387 3079 390 3094 .
425 3031 519 3105 Quod
546 3031 689 3117 denique
712 3030 911 3115 Doeringius
943 3029 1102 3106 affirmat,
1132 3049 1194 3094 nec
1229 3028 1338 3094 refelli
1369 3049 1437 3096 nec

423 3139 560 3223 probari
584 3157 681 3223 posse
704 3138 786 3202 mihi
809 3135 954 3202 videtur.
1164 3123 1168 3130 ⁸

469 3244 540 3329 Ego
560 3262 641 3308 vero
666 3242 705 3308 de
729 3263 831 3309 sensu
862 3244 1022 3309 carminis
1058 3243 1105 3307 sic
1142 3244 1261 3308 sentio,
1287 3244 1436 3309 Carmen

425 3350 507 3414 mihi
530 3350 663 3415 videtur
685 3349 790 3415 fuisse
815 3351 1036 3435 conscriptum
1054 3368 1094 3414 eo
1108 3354 1256 3434 tempore
1279 3369 1342 3435 quo
1353 3351 1439 3433 face

421 3455 557 3541 quidem
581 3462 715 3540 mutuo,
742 3459 770 3521 si
794 3457 873 3523 licet
899 3455 1094 3522 Horatianis
1118 3455 1177 3532 uti,
1197 3457 1262 3520 iam
1280 3456 1437 3522 Catullus

423 3569 523 3650 atque
548 3562 663 3629 Clodia
686 3565 909 3640 torrebantur,
928 3582 1028 3646 quum
1045 3569 1156 3626 tamen
1173 3568 1289 3645 poetae
1309 3565 1438 3628 amanti

425 3689 492 3733 non
515 3669 582 3734 nisi
606 3671 716 3735 oblata
740 3670 828 3735 forte
852 3670 1038 3744 occasione,
1066 3669 1136 3734 sive
1152 3668 1257 3733 amico
1280 3668 1438 3753 quopiam

425 3794 553 3840 morem
587 3776 639 3839 illi
662 3783 800 3861 gerente
825 3776 895 3840 sive
920 3775 985 3840 alio
1016 3775 1131 3859 quovis
1163 3772 1258 3839 modo
1283 3774 1438 3858 locoque,

425 3882 609 3946 convenire
626 3882 771 3968 puellam
793 3883 931 3958 liceret3
959 3883 993 3946 iu
1010 3900 1072 3966 quo
1088 3881 1316 3964 subreptt'cio,
1337 3899 1438 3965 quem

425 3987 619 4054 Planesium
642 3990 799 4054 Plautina
814 3996 920 4066 vocat,
939 4007 1066 4066 amore,
1082 3989 1180 4053 nimis
1195 4007 1294 4073 saepe
1315 3993 1438 4073 poetae

425 4095 571 4180 puellam
596 4096 754 4182 congredi
778 4097 922 4183 cupienti
940 4115 1124 4180 congressu
1143 4102 1296 4181 exoptato
1313 4114 1440 4160 carere
