3046 5096
386 472 421 528 98
709 485 745 525 aa
764 484 861 526 mvrru
884 465 1006 535 asaal

353 625 369 659 «
395 601 589 686 qui'eorum
613 595 700 682 apud
722 617 756 662 se
780 597 902 662 milites
926 596 1055 672 fierent,
1075 615 1237 661 eos-noxa
1261 612 1370 679 pecu-

353 733 369 764 «
396 707 517 790 niaque
553 723 628 769 sese
663 704 794 769 exsolvi
820 705 1003 770 iussurum.
1028 695 1078 768 Ea
1103 701 1279 767 sexmilia
1304 701 1373 763 ho-

356 839 372 872 «
396 813 522 876 minum
547 811 686 877 Gallicis
712 810 837 895 spoliis,
862 830 947 896 quae
963 811 1131 894 triumpho
1156 810 1193 877 C.
1218 807 1372 873 Flamini

356 947 373 981 «
398 919 522 985 tralata
539 923 646 995 erant,
663 920 808 982 armavit
823 941 830 996 ;
857 919 969 1003 itaque
986 937 1061 983 cum
1078 918 1196 1002 viginti
1216 918 1372 1004 quinque

355 1053 372 1088 a
398 1009 532 1092 milibus
567 1034 774 1092 armatorum
809 1027 851 1090 ab
887 1027 970 1092 urhe
1005 1024 1230 1122 proficiscitur
1256 1053 1284 1091 >›.
1312 1025 1373 1089 Cf.

354 1141 530 1220 praeterea
553 1133 744 1219 Appianum
767 1132 924 1200 Hannib.
942 1133 996 1199 27.
1016 1137 1055 1199 ln
1072 1135 1145 1198 loco
1164 1134 1237 1197 Livi
1262 1132 1370 1197 allato

355 1243 400 1308 cs.
426 1242 543 1307 uerba:
569 1234 667 1324 apud
690 1261 726 1306 se
749 1241 871 1305 milites
894 1242 1016 1325 fierent
1047 1262 1121 1306 cum
1145 1243 1258 1306 verbis
1283 1261 1376 1326 quae

355 1370 416 1435 ego
440 1349 599 1436 proposui
625 1349 659 1412 iu
685 1368 759 1413 mea
784 1348 1030 1414 emendatione.

399 1457 502 1523 Locos
525 1452 612 1520 Livii
636 1453 762 1520 idcirco
787 1455 937 1540 integros
955 1456 1126 1541 adscripsi,
1153 1477 1216 1541 quo
1245 1457 1366 1521 melius

354 1562 605 1650 persuaderem,
638 1565 822 1642 Romanos,
853 1569 928 1649 post
961 1566 1109 1649 pugnam
1143 1565 1185 1628 ad
1220 1565 1374 1640 Cannas,

355 1671 490 1736 Romae
502 1689 658 1755 maguam
672 1671 739 1734 vim
752 1671 896 1734 militum
908 1673 1154 1756 conscripsisse,
1166 1675 1245 1758 ipsis
1259 1677 1376 1737 servis

356 1774 423 1866 non
450 1777 619 1863 exemptis.
644 1776 752 1850 Quum
776 1784 887 1842 autem
911 1799 930 1842 a
955 1797 1068 1862 pugna
1093 1780 1171 1844 inde
1201 1780 1378 1844 Cannensi

358 1903 462 1971 usque
486 1883 527 1948 ad
550 1884 682 1948 initium
717 1886 799 1949 anui
834 1906 866 1950 u.
894 1904 921 1948 c.
954 1885 1239 1960 uultum-1100
1270 1898 1319 1952 est
1357 1910 1379 1952 a

358 1993 409 2057 die
435 1991 580 2077 quisuit
604 1998 681 2056 aule
701 1990 792 2057 diem
816 1999 971 2077 quartum
996 1983 1271 2060 Nonassexmes
1290 1997 1378 2082 (lla-

358 2100 450 2165 crob.
477 2099 597 2163 Satura
622 2097 713 2185 1,16)
740 2102 822 2163 anui
847 2121 880 2164 a.
908 2121 938 2165 c.
964 2100 1176 2166 DXXXVlll
1201 2103 1376 2186 usquead

359 2207 434 2273 lalus
460 2207 599 2270 Martias
624 2225 693 2269 uon
718 2207 762 2270 ita
787 2207 881 2271 multi
918 2228 1050 2272 menses
1086 2209 1160 2285 sint,
1187 2217 1376 2274 censenta-

319 2363 323 2380 .
360 2333 462 2379 neum
486 2319 536 2376 est
560 2313 728 2378 Romanos
751 2333 812 2398 per
836 2334 935 2379 omne
959 2315 991 2378 id
1017 2322 1144 2401 tempus
1161 2321 1246 2380 lotos
1272 2318 1307 2380 iu
1334 2336 1378 2378 eo

360 2421 464 2485 faisse
500 2426 537 2483 ut
571 2419 693 2484 milites
717 2421 876 2506 cuiusque
914 2424 1048 2504 generis
1084 2412 1267 2501 armarent,
1299 2445 1380 2488 cuin

360 2529 457 2594 novis
478 2528 681 2612 *legionibus
716 2515 898 2594 efficiendis
935 2531 1054 2613 quibus
1090 2531 1202 2596 hostes
1238 2531 1374 2598 indatus

360 2637 501 2702 uictoria
538 2636 759 2712 continerent,
797 2643 865 2703 tum
888 2635 1060 2721 veteribus
1084 2640 1274 2723 legionibus
1292 2662 1374 2725 sup-

361 2742 501 2832 plaudis,
527 2742 560 2807 id
583 2743 671 2829 quod
695 2745 788 2808 initio
813 2747 974 2830 cuiusque
1009 2748 1089 2810 anni
1114 2746 1224 2828 fiebat,
1253 2750 1374 2813 Lectio

257 2913 259 2920 .
362 2855 466 2938 igitur
482 2852 636 2928 militum,
655 2874 828 2939 nunquam
847 2856 991 2922 fortasse
1007 2878 1067 2942 per
1081 2858 1113 2922 id
1127 2865 1256 2944 tempus
1272 2861 1381 2922 inter-

363 2968 461 3048 rupta
485 2968 545 3039 est,
571 2968 671 3047 atque
683 2961 764 3027 adeo
778 2982 882 3046 usque
896 2965 938 3034 ad
954 2965 1084 3030 initium
1099 2969 1179 3032 anni
1197 2967 1379 3033 DXXXlX

362 3071 568 3136 continuata.
587 3071 653 3136 Vel
669 3072 698 3135 si
714 3073 858 3136 maxime
875 3074 1062 3159 interrupta
1087 3073 1162 3154 luit,
1191 3095 1379 3160 rursusque,

363 3178 527 3264 postldus
544 3177 683 3242 Martias
707 3180 826 3244 milites
848 3181 918 3266 legi
942 3189 1018 3246 sunt
1042 3185 1161 3268 coepti,
1188 3203 1232 3246 an
1258 3186 1382 3247 censes

363 3286 537 3362 Romanis,
562 3286 713 3368 quiante
731 3288 858 3372 aliquot
874 3309 1007 3354 meuses
1024 3297 1161 3375 propter
1177 3291 1322 3376 inopiam
1340 3291 1384 3355 li-

364 3395 521 3459 berorum
559 3395 704 3479 capitum
740 3396 782 3460 ad
811 3398 948 3463 servitia
973 3407 1005 3464 et
1028 3401 1189 3483 pecuniae
1215 3401 1385 3466 iudicatos

365 3500 597 3586 confugerant,
615 3521 704 3567 nunc
721 3503 884 3587 ingenuos
903 3505 1026 3570 milites
1041 3513 1175 3591 praesto
1192 3508 1323 3575 fuisse?
1342 3532 1385 3577 ac

364 3627 431 3672 non
457 3609 565 3693 polius
590 3628 647 3673 eos
671 3610 793 3676 iterum
818 3611 859 3676 ad
883 3611 1034 3678 ultimum
1059 3635 1162 3700 prope
1179 3615 1382 3702 desperatae

366 3715 417 3779 rei
440 3716 613 3793 auxilium,
631 3716 717 3801 quod
741 3718 855 3784 Livius
880 3727 990 3797 vocat,
1010 3721 1249 3790 descendisse?
1267 3727 1352 3800 Quid
1368 3728 1383 3793 l

365 3821 452 3906 quod
477 3824 549 3901 ista,
568 3845 653 3908 quae
669 3825 723 3889 rel
741 3828 934 3893 coniectura
952 3832 1086 3915 assequi
1099 3830 1229 3911 liceret,
1247 3855 1267 3898 a
1285 3837 1387 3902 Lirin

368 3933 749 4014 conceptissimisverbis
763 3934 953 4024 traduntur3
967 3957 1067 4003 causa
1079 3946 1189 4005 autem
1200 3940 1387 4011 fermenon

368 4044 425 4115 est,
450 4058 511 4102 cur
535 4059 711 4126 quaecum
735 4044 823 4109 ratio
848 4043 943 4109 dccet
968 4052 1034 4111 lum
1058 4049 1237 4132 historicus
1262 4063 1388 4122 narrat
