3164 5104
464 413 498 470 30
774 429 810 470 an
829 427 977 470 olrannum
997 414 1041 482 29,
1053 415 1088 470 20

476 539 674 629 Spengelius
688 559 695 605 :

550 739 565 775 a
588 719 626 780 Et
647 720 743 779 hunce
765 721 880 782 Galliae
901 728 931 782 et
950 687 1058 782 timont
1077 723 1255 785 Britanniae.
1279 745 1294 780 e

474 889 500 956 1.
527 891 671 960 Munro:

576 1091 591 1128 ‹
614 1069 654 1130 Et
674 1070 762 1134 huice
784 1071 883 1132 Gallia
904 1077 934 1134 et
954 1077 1047 1134 metet
1068 1071 1246 1135 Britannial
1269 1097 1285 1130 »

469 1243 509 1310 t.
532 1241 672 1308 Miiller:

507 1445 523 1480 ‹
546 1423 702 1483 Timentne
724 1423 838 1481 Galliae
859 1422 954 1494 huno,
976 1423 1083 1482 timent
1103 1422 1274 1482 Britanniae
1295 1425 1337 1483 nt

471 1577 532 1641 Tot
566 1576 711 1660 taliaque
746 1577 865 1662 partim
901 1579 990 1642 acuti
1026 1577 1147 1662 partim
1178 1577 1313 1641 minimo
1347 1579 1447 1642 acuti

427 1685 493 1747 viri
516 1685 551 1747 in
574 1684 717 1748 medium
740 1685 961 1768 protulerunt.
979 1686 1060 1762 Quis
1087 1692 1196 1750 autem
1221 1691 1288 1749 tam
1305 1683 1446 1750 ferreus

427 1794 481 1854 est·
499 1791 555 1874 qui
580 1791 619 1856 de
645 1791 787 1876 singulis
813 1791 979 1856 disserere
1004 1791 1195 1856 sustineat?
1213 1791 1333 1867 Quare,
1360 1809 1446 1874 pro-

426 1917 507 1986 pero
531 1898 573 1966 ad
596 1919 703 1964 meam
729 1900 966 1965 coniecturam.

470 2007 574 2072 Poeta
609 2013 783 2071 enumerat
806 2006 968 2091 praedas,
995 2027 1079 2090 quas
1104 2013 1215 2086 vocat,
1235 2007 1444 2088 Mamurrae,

426 2112 488 2178 hoo
512 2119 561 2178 est
586 2133 625 2177 ea
649 2133 732 2197 quae
756 2112 854 2196 gulae
880 2119 912 2178 et
935 2114 1092 2178 luxuriae
1118 2120 1150 2178 et
1173 2113 1271 2179 luxui
1295 2116 1366 2179 eius
1399 2116 1443 2181 in

427 2218 584 2308 praedam
609 2227 847 2284 concesserant
863 2241 869 2284 :
896 2220 930 2284 1⁰
946 2222 1093 2295 Paterna
1109 2221 1205 2285 hona.
1221 2221 1257 2285 2⁰
1272 2219 1437 2306 praedam

427 2329 601 2393 Ponticam
626 2324 813 2414 (manubias
838 2347 880 2391 ex
895 2327 983 2392 bello
1002 2327 1230 2393 Mithridatico
1246 2327 1360 2414 procul
1376 2327 1441 2394 du-

426 2436 491 2513 bio,
517 2441 554 2500 ut
569 2435 725 2520 intelligit
741 2434 916 2520 Hauptius,
936 2454 1005 2500 non
1021 2454 1059 2500 ea
1075 2454 1160 2520 quae
1177 2435 1303 2501 Caesar
1320 2455 1362 2501 ex
1379 2436 1442 2500 Bi-

343 2555 345 2564 ’
426 2543 545 2628 thynia
562 2533 803 2628 reportaverat,
823 2561 907 2627 quae
923 2543 1087 2606 sententia
1103 2542 1217 2607 fuerat
1241 2543 1267 2608 l.
1295 2541 1438 2624 Vossi.);

426 2651 462 2714 3⁰
486 2649 642 2736 praedam
666 2649 825 2714 Hiberam
850 2649 1037 2729 (manubias
1062 2669 1104 2714 ex
1121 2649 1210 2715 hello
1227 2651 1438 2730 Lusitanico,

427 2757 534 2824 iudice
562 2759 588 2822 l.
608 2757 737 2833 Vossio‚
756 2757 960 2821 assentiente
976 2757 1022 2822 M.
1037 2757 1209 2843 ‘Hauptiol
1228 2758 1378 2843 Denique
1393 2757 1441 2825 de

426 2872 545 2950 qiiarta
561 2865 692 2929 locutus
711 2870 757 2927 est
770 2869 866 2947 poeta
878 2862 1013 2948 praeda,
1029 2865 1187 2928 nimirum
1205 2884 1251 2928 en
1267 2861 1376 2928 Gallia
1401 2874 1441 2932 et

425 2973 613 3038 Britannia,
629 2971 798 3044 Quaenam
811 2970 913 3035 verba
926 2970 987 3034 suh
1000 2971 1109 3035 verbis
1122 2978 1279 3056 corrupte
1295 2971 1430 3037 traditis

425 3079 545 3144 latent?
561 3077 634 3164 Ego
647 3078 695 3142 sio
711 3079 878 3142 existimo:
893 3098 993 3162 quum
1004 3084 1100 3163 poeta
1113 3084 1250 3145 serooto
1265 3081 1438 3164 temporis

428 3186 569 3260 ordine,
600 3185 847 3250 enumeraverit
873 3187 942 3250 iam
963 3192 1031 3250 tres
1062 3185 1219 3270 praedas,
1249 3193 1436 3273 pergatque

426 3312 525 3378 porro
549 3311 750 3358 enumerare
774 3311 840 3370 eas,
869 3297 1069 3377 autquarta
1088 3292 1117 3356 ei
1142 3293 1320 3360 dicendum
1344 3301 1432 3374 erat,

425 3420 605 3488 versusque
629 3400 773 3466 fortasse
790 3400 844 3464 hic
858 3401 931 3466 fere
948 3400 1144 3465 faciendus:

547 3602 562 3638 a
584 3581 733 3658 Fiuntque
754 3588 870 3658 quarta
891 3581 1006 3641 Galliae
1028 3587 1058 3642 et
1077 3559 1258 3643 Britanniae.
1281 3603 1297 3640 ›

427 3760 492 3832 aut,
518 3756 673 3841 quoniam
698 3759 829 3839 quarto
852 3752 953 3837 preda
989 3753 1103 3820 eadem
1131 3759 1218 3820 esset
1236 3761 1432 3841 postremo,

427 3882 486 3947 pro
511 3867 633 3946 quarto
656 3861 747 3927 aliud
770 3860 910 3925 verbum
931 3860 1130 3946 ponendum,
1157 3861 1256 3939 dum,
1283 3870 1433 3952 tempore

428 3969 544 4053 quovis
558 3969 651 4034 modo
664 3973 787 4047 notato,
801 3969 1048 4055 intelligeretur
1060 3990 1132 4035 eam
1150 3989 1221 4035 esse
1232 3978 1433 4056 postremam

387 4063 389 4070 ’
431 4095 500 4142 non
517 4074 623 4156 modo,
642 4077 700 4144 sed
721 4077 821 4143 etiam
843 4082 1051 4167 praesentem
1076 4084 1109 4143 et
1129 4080 1163 4142 in
1179 4084 1342 4169 promptu,
1358 4099 1439 4148 ver·
