3046 5096
411 371 445 425 74
637 387 672 425 nn
690 386 829 428 rourmus
848 387 904 427 nrt
924 388 983 426 mur
1000 370 1046 436 21,
1058 373 1127 426 '1-20

376 495 410 561 in
433 495 561 562 Tabula
586 514 646 562 sua
669 503 814 563 notaret.
839 502 912 576 Quo
935 504 1046 565 tamen
1065 497 1255 564 adiumento
1280 501 1383 564 caruit

375 602 534 667 Pontifex
557 602 599 668 ad
622 604 760 696 populos
786 625 895 690 neque
919 627 938 672 a
961 607 1123 674 Romanis
1149 606 1306 671 subactos
1329 626 1384 671 ne-

375 730 439 794 que
454 729 473 774 a
488 710 577 794 Mag.
596 711 692 776 Rom.
711 715 875 779 coercitos
892 715 978 799 quod
1002 714 1129 792 attinet,
1147 715 1214 778 nisi
1234 714 1320 778 forte
1335 714 1385 780 uel

374 819 477 903 legati
494 817 536 882 ad
551 837 607 883 eos
626 820 853 902 mitterentur,
880 824 937 906 qui
961 828 1149 887 memoratu
1169 821 1271 907 digna
1284 821 1388 886 refer-

377 933 464 1003 rent,
488 926 542 990 vel
566 928 787 1012 Imperatores
804 930 957 1008 Romani,
975 931 1003 995 si
1020 929 1151 1016 quando
1183 950 1256 994 cum
1283 929 1389 1014 aliquo

378 1035 497 1121 populo
512 1032 635 1100 bellum
652 1045 838 1120 gereretur,
857 1041 1051 1104 nuntiarent
1074 1057 1159 1122 quae
1185 1036 1224 1101 de
1241 1037 1389 1102 hostibus

381 1143 443 1206 sihi
456 1149 622 1227 comperta
637 1150 760 1209 essent.
774 1145 859 1218 Quid
871 1146 974 1211 rrunc.2
987 1166 1041 1210 res
1054 1146 1169 1230 potissi
1179 1166 1270 1210 mum
1283 1153 1393 1212 exter·

382 1269 445 1316 nae
468 1258 770 1317 commemorantur
793 1252 880 1338 apud
904 1252 1305 1332 Liv.21,1-20,soilioet
1328 1253 1394 1317 Ha-

380 1357 538 1434 milcaris,
553 1355 771 1423 Hasdrubalis
783 1365 882 1444 atque
895 1359 1093 1424 Hannibalis
1107 1360 1139 1423 in
1157 1359 1319 1446 Hispania
1337 1380 1390 1424 res

381 1470 513 1549 gestae:
551 1453 713 1552 Hispania
737 1472 848 1530 autem
881 1467 916 1529 in
941 1465 1173 1531 Romanorum
1199 1473 1395 1552 potestatem

382 1571 528 1636 nondum
552 1570 698 1647 redacta,
725 1592 797 1636 rem
832 1572 933 1638 duces
963 1579 1032 1638 tres
1056 1573 1106 1638 illi
1137 1573 1398 1657 Carthaginien-

381 1682 465 1744 sium
501 1685 678 1764 gesserunt
701 1699 774 1743 cum
798 1681 878 1746 solis
901 1681 1083 1767 Hispaniae
1123 1681 1266 1767 populis,
1292 1703 1393 1766 quum

382 1790 537 1866 Romani,
552 1789 608 1871 qui
626 1787 683 1852 illa
698 1793 894 1873 tempestate
911 1789 1000 1853 bella
1018 1809 1060 1852 ex
1076 1788 1173 1852 bellis
1190 1789 1336 1853 serendo
1349 1811 1400 1855 oc·

383 1895 491 1980 cupali
518 1900 616 1960 erant
639 1897 673 1960 in
696 1896 834 1980 Illyriis,
860 1896 994 1972 Histris,
1014 1895 1186 1980 Gallisque
1206 1895 1399 1972 domandis,

384 2002 544 2089 Hispania
580 2005 683 2069 armis
719 2003 888 2069 abstinere
920 2004 1026 2069 coacti
1051 2005 1126 2080 sint,
1152 2003 1293 2069 loedere
1326 2011 1399 2069 tan·

300 2105 303 2112 ’
385 2109 550 2176 tummodo
574 2131 649 2174 oum
673 2110 884 2176 Hasdrubale
902 2113 980 2190 ictu,
1003 2131 1067 2195 quo
1092 2111 1393 2196 Carthaginienses

384 2220 479 2284 vetiti
503 2223 581 2283 sunt
604 2219 694 2284 ultra
718 2219 879 2284 Hiberum
903 2239 1034 2284 amnem
1051 2219 1229 2304 progredi;
1260 2219 1343 2284 adeo
1361 2228 1398 2284 ut

385 2347 448 2403 reS,
462 2343 481 2389 a
497 2307 829 2409 Carthaginiensibus
847 2347 885 2391 eo
902 2327 1059 2411 temporis
1077 2332 1186 2390 tractu
1204 2325 1290 2411 quod
1307 2327 1398 2391 inter

333 2508 335 2511 .
385 2434 525 2520 primum
543 2437 575 2496 et
591 2431 772 2498 secundum
788 2433 912 2498 bellum
929 2433 1092 2498 Punicum
1118 2432 1244 2498 effluxit
1269 2433 1304 2496 in
1321 2433 1398 2496 His-

384 2542 481 2628 pania
507 2546 624 2625 gestas
662 2540 806 2606 Romani
842 2560 949 2627 neque
974 2542 1039 2605 nisi
1064 2559 1205 2626 perraro
1233 2539 1398 2606 rescisce-

385 2653 473 2723 rent,
489 2667 596 2732 neque
610 2647 643 2710 in
657 2646 743 2712 Albo
756 2647 930 2712 Pontificis
948 2649 1086 2712 Maximi
1103 2647 1211 2712 notari
1228 2647 1397 2712 iuberent.

386 2757 476 2830 Quae
489 2757 516 2819 si
530 2749 621 2819 recte
635 2753 809 2839 disputari,
825 2774 932 2838 neque
947 2754 1021 2819 fons
1039 2755 1267 2819 Romanarum
1280 2773 1398 2818 rerum

386 2864 441 2928 ille
465 2862 617 2949 publicus
643 2881 697 2926 res
715 2863 797 2927 istas
815 2867 864 2926 est
882 2862 1086 2948 complexus,
1102 2879 1211 2944 neque
1227 2880 1281 2926 eas
1298 2881 1341 2924 ex
1360 2881 1399 2926 eo

386 2971 579 3035 derivarunt
595 2969 743 3035 historici
761 2970 914 3045 Romani,
935 2989 1134 3054 quamquam
1153 2969 1299 3054 reliquas
1324 2968 1399 3034 fere

386 3096 510 3156 omneS,
528 3079 576 3142 uti
593 3076 686 3142 modo
707 3078 897 3155 innuebam,
923 3079 964 3142 ab
990 3098 1028 3143 eo
1052 3079 1120 3162 ipso
1145 3081 1222 3140 sunt
1246 3078 1400 3140 mutuati.

476 3184 603 3252 XVlll.
629 3183 682 3249 Ad
707 3190 832 3250 tantum
861 3184 949 3249 istud
978 3183 1168 3261 discrimen,
1187 3183 1274 3267 quod
1290 3183 1325 3246 in
1342 3202 1402 3246 ve-

387 3292 569 3358 tustissimo
595 3310 708 3354 rerum
725 3290 818 3356 fonte
836 3290 1044 3357 intercedere
1061 3291 1142 3355 mihi
1157 3288 1289 3354 videtur
1306 3289 1399 3354 inter

387 3398 534 3484 reliquas
550 3403 658 3482 partes
675 3399 784 3484 operis
801 3395 933 3464 Liviani
949 3405 981 3464 et
997 3399 1106 3463 locum
1123 3395 1275 3475 ata-20,
1297 3416 1398 3461 nemo

355 3548 358 3555 ·
387 3506 531 3573 advertit
547 3509 708 3584 animum,
725 3513 756 3571 te
769 3525 851 3572 vero
864 3507 1082 3572 vehementer
1096 3507 1190 3591 cupio
1206 3504 1396 3569 advertere:

386 3636 449 3682 neo
466 3616 547 3680 facit
564 3615 649 3699 quod
662 3616 775 3680 Livius
789 3614 977 3679 Annalibus
995 3614 1151 3679 Maximis
1168 3614 1235 3698 ipse
1254 3612 1401 3678 fortasse

387 3742 454 3788 non
479 3725 522 3790 sit
544 3742 643 3802 usus;
671 3723 733 3789 hoc
752 3725 840 3788 enim
858 3727 919 3800 est,
938 3721 1025 3807 quod
1042 3722 1150 3786 teneri
1165 3721 1261 3786 volo:
1289 3705 1402 3786 omnia
1460 3803 1463 3812 ,

387 3829 458 3895 fere
482 3851 567 3917 quae
601 3851 699 3916 opere
736 3831 881 3896 Liviano
917 3830 1132 3895 continentur
1168 3847 1321 3894 manasse
1359 3849 1403 3892 ex

384 3936 608 4005 Monumentis
633 3957 746 4002 rerum
783 3937 908 4003 Romae
944 3936 1078 4021 publice
1106 3935 1311 4019 conscriptis,
1336 3933 1404 4001 hoc

388 4050 436 4112 est
462 4063 504 4108 ex
529 4043 716 4146 xllnualibus
741 4045 896 4110 Maximis
919 4044 1003 4133 (sive
1020 4043 1137 4110 Livius
1162 4061 1292 4126 quoque
1317 4042 1403 4126 ipse,
