3164 5104
646 988 720 1068 AD
752 983 1054 1066 CATULlUM
1083 994 1176 1078 95‚7

872 1185 949 1195 -—

763 1668 951 1736 CAPUT
987 1669 1059 1734 Vl.

492 2115 519 2179 Ι.
544 2113 636 2189 Quod
661 2133 762 2199 supra
798 2111 1021 2178 animadverti
1055 2112 1096 2177 de
1120 2111 1245 2182 Catulli
1279 2115 1422 2198 ingenio

406 2221 606 2286 abhorrente
630 2240 650 2285 a
673 2219 812 2285 latebris
837 2220 917 2297 illis,
942 2239 1048 2306 paene
1072 2218 1235 2296 dixerim,
1262 2217 1423 2285 fictorum

407 2327 584 2404 nominum,
610 2326 671 2392 sub
695 2327 815 2411 quibus
838 2326 968 2413 aliquos
992 2334 1156 2411 carperet,
1180 2333 1291 2392 movet
1305 2344 1358 2390 me
1375 2332 1418 2391 ut

407 2451 525 2519 negem
560 2433 747 2518 probabilia
782 2453 851 2500 esse
876 2452 961 2518 quae
994 2431 1206 2498 recentiores
1230 2432 1294 2498 hac
1317 2435 1350 2496 in
1377 2450 1421 2497 re

411 2539 540 2605 Catullo
564 2538 742 2606 obtrudere
765 2540 895 2606 volunt.

450 2647 617 2714 Carminis
641 2644 684 2710 95
707 2652 941 2731 argumentum
965 2645 1029 2711 hoe
1053 2651 1115 2738 est:
1139 2647 1242 2711 Lecto
1261 2645 1421 2713 Catullus

406 2752 541 2838 epyllio,
567 2755 620 2818 cui
642 2753 757 2818 titulus
781 2752 945 2838 Smyrna,
963 2752 1074 2818 Helvii
1086 2752 1223 2830 Cinnae,
1240 2752 1319 2818 boni
1335 2771 1421 2838 poe-

406 2866 459 2926 tae
484 2859 698 2947 eiusdemqu'e
722 2860 786 2924 sibi
810 2860 957 2925 amicitia
991 2859 1184 2934 coniuncti,
1224 2857 1422 2944 gratulatur

406 2968 557 3043 auctori,
594 2967 795 3032 vaticinatus
830 2985 967 3032 carmen
992 2967 1027 3030 iu
1050 2965 1195 3030 insulam
1222 2985 1327 3049 usque
1350 2964 1415 3050 Cy·

406 3093 513 3158 prum,
524 3074 682 3138 nimirum
694 3074 730 3138 in
741 3073 849 3138 sedem
863 3075 967 3158 ipsam
979 3073 1113 3139 fabulae
1126 3073 1161 3136 in
1174 3092 1213 3137 eo
1225 3073 1421 3138 celebratae

404 3178 635 3257 deventurum,
660 3185 758 3264 atque
782 3180 935 3246 futurum
958 3179 1159 3245 immortale.
1182 3179 1253 3254 Qua
1277 3167 1418 3265 arrepta

404 3288 599 3364 occasione,
625 3292 795 3372 comparat
817 3307 892 3352 oum
919 3287 1181 3352 laboriosissimo
1205 3303 1304 3371 opere
1337 3284 1421 3350 Cin-

406 3413 472 3458 nae
508 3400 654 3474 (novem
686 3412 850 3458 annorum
874 3390 990 3479 cura),
1024 3400 1094 3459 tum
1128 3411 1246 3457 versus
1280 3392 1417 3456 minime

406 3498 592 3565 laboriosos
614 3498 787 3564 Hortensii
820 3501 964 3565 oratoris
999 3500 1133 3584 magni,
1164 3499 1223 3564 sed
1245 3499 1420 3564 inferioris

381 3671 382 3676 ,
403 3605 557 3671 subsellii
579 3612 696 3692 poetae
722 3604 918 3694 (invenusta
942 3606 1154 3692 appellantur
1170 3607 1319 3671 carmina
1334 3606 1420 3671 Hor-

409 3712 508 3776 tensii
532 3713 568 3776 in
590 3714 760 3779 notissimo
784 3713 855 3778 loco
879 3709 978 3777 Gellii
1003 3711 1183 3800 19,9)‚tum
1199 3713 1338 3799 pessimi·
1358 3731 1419 3778 an-

405 3817 498 3881 nales
513 3818 633 3884 Volusi
646 3817 829 3886 cuiusdam.
845 3818 966 3885 Cetera
982 3821 1138 3907 persequi
1152 3839 1220 3887 non
1234 3823 1279 3888 ita
1295 3827 1341 3887 est
1358 3840 1419 3886 ne-

406 3942 507 4001 cesse3
524 3927 596 4010 quis
611 3946 694 3993 vero
707 3926 811 3994 fuerit
825 3927 988 3994 Volusius
1001 3929 1063 3992 iste
1075 3930 1261 4014 ignoratur,
1275 3948 1338 3994 nec
1350 3934 1421 3993 sta-

404 4030 482 4096 bilia
499 4038 577 4096 sunt
594 4052 699 4118 quae,
724 4035 765 4099 ab
793 4035 936 4119 Hauptio
960 4033 1037 4099 olim
1054 4038 1186 4112 statuta,
1208 4055 1299 4099 nune
1310 4054 1419 4121 paene

405 4158 465 4223 pro
479 4140 581 4204 certis
597 4140 775 4204 habentur.
792 4143 956 4226 Hauptius
970 4141 1069 4217 enim,
1085 4141 1140 4226 qui
1153 4145 1273 4226 optime
1286 4141 1419 4226 quidem
