3046 5096
440 405 477 474 '70
691 435 727 476 nn
745 436 882 476 FONTIBUS
900 436 957 474 rim
976 435 1037 474 aivi
1055 419 1098 485 al,
1114 420 1181 474 t-ao

424 547 498 612 Pol.
518 543 625 633 att),
645 547 761 613 Livius
790 567 807 612 e
834 549 986 614 manibus
1003 549 1159 632 optimum
1184 551 1351 610 auctorem
1374 545 1424 609 hic

426 652 629 718 dimisisset?

360 811 362 820 .
404 825 406 829 .
470 761 559 847 Ergo
573 763 647 827 Liv.
662 761 716 840 21,
729 762 807 830 1-20
823 763 896 829 Pol.
915 783 982 829 non
999 768 1049 828 est
1061 765 1207 829 secutus.
1221 761 1365 828 Restant
1377 782 1424 826 ce-

425 876 497 935 tera
521 874 554 934 et
577 867 772 948 difficiliora,
799 893 899 958 quum
924 873 975 936 illi
1000 874 1058 958 qui
1083 877 1207 956 negant
1230 871 1372 937 alterum
1391 871 1425 934 ah

426 979 533 1043 altero
545 982 729 1042 mutuatum
744 997 826 1056 esse,
842 985 999 1058 statuant,
1015 999 1188 1065 perperam
1202 985 1238 1043 ut
1252 980 1334 1043 mihi
1348 977 1425 1042 vide·

260 1108 261 1111 ¹
354 1121 356 1126 ·
424 1091 493 1163 tur,
518 1085 697 1169 utrumque
716 1085 912 1151 historicum
937 1085 1069 1152 eosdem
1094 1092 1250 1151 auctores
1282 1089 1425 1149 secutum

425 1191 531 1256 fuisse
546 1192 626 1257 hinc
642 1198 750 1257 autem
764 1195 908 1280 vestigia
921 1193 991 1259 Pol.
1009 1193 1096 1278 apud
1113 1195 1182 1257 Liv.
1199 1191 1342 1269 ahl-20
1359 1210 1422 1255 esse

317 1284 321 1292 ¹
372 1325 374 1334 ¹
425 1298 616 1384 repetenda.
633 1301 824 1386 Perperam:
839 1304 903 1367 iam
917 1321 1033 1366 causas
1050 1300 1131 1366 belli
1147 1299 1266 1364 Punici
1285 1297 1424 1372 secundi,

425 1426 506 1492 quas
520 1406 652 1492 quidem
670 1414 702 1472 et
718 1408 790 1474 Pol.
807 1415 839 1474 et
855 1409 930 1474 Liv.
947 1413 1129 1493 exponunt,
1144 1426 1241 1471 nemo
1259 1411 1339 1470 ante
1361 1403 1426 1470 Pol.

425 1513 545 1593 attulit,
580 1516 628 1578 uti
663 1535 763 1600 supra
787 1515 1046 1582 demonstratum
1070 1522 1121 1580 est
1146 1513 1179 1602 (ξ
1203 1512 1258 1600 Χ);
1285 1534 1350 1597 qua
1369 1519 1427 1576 sta·

425 1625 495 1685 tuta
519 1622 698 1697 sententia,
724 1624 829 1687 silea
861 1622 957 1688 modo
981 1622 1120 1699 stabilis,
1146 1622 1265 1686 horum
1290 1621 1426 1685 alterum

425 1728 585 1813 sequitur,
602 1727 732 1792 Livium
750 1749 809 1794 sua
827 1738 884 1796 aul
900 1731 1069 1795 derivasse
1087 1749 1130 1794 ex
1146 1728 1299 1812 Polybio,
1320 1734 1375 1794 aut
1391 1747 1426 1790 er

426 1841 563 1900 auctore
581 1835 636 1920 qui
659 1836 731 1900 Pol.
757 1821 889 1902 secutus
915 1839 969 1903 sit.
995 1836 1095 1900 -Ἀ
1112 1837 1222 1901 causis
1246 1835 1326 1900 helli
1351 1833 1425 1922 (Lir.

424 1941 522 2029 21,1)
547 1943 684 2027 gradum
710 1944 797 2009 facio
814 1943 855 2009 ad
879 1947 950 2009 Liv.
977 1943 1076 2022 21,2.
1109 1943 1286 2007 Monebam
1321 1941 1425 2027 (supra

425 2053 447 2134 g
461 2049 522 2137 XI)
541 2051 729 2136 plenissime
744 2059 877 2117 veteres
892 2051 1077 2127 historicae,
1096 2051 1231 2115 illorum
1248 2055 1425 2133 temporum

425 2157 593 2240 aequales,
612 2179 668 2224 res
685 2160 726 2224 ah
744 2159 937 2224 Hamilcare
953 2165 985 2223 et
1001 2141 1212 2223 Hasdrubale
1226 2159 1260 2222 in
1273 2156 1426 2240 Hispania

426 2269 537 2346 gestas
550 2264 670 2330 litteris
689 2267 910 2352 consignasse,
925 2271 962 2330 ut
977 2271 1067 2350 patet
1090 2285 1133 2329 ex
1150 2263 1291 2328 Diodoro
1305 2263 1360 2346 qui
1377 2280 1426 2325 eas

427 2369 493 2456 (25,
507 2367 561 2458 14)
587 2369 779 2456 diligentius
802 2349 1023 2459 persequitur.
1048 2373 1139 2446 Quae
1162 2391 1262 2456 quum
1286 2371 1331 2434 ita
1355 2369 1425 2442 sint,

425 2484 552 2563 reputa,
567 2498 704 2564 quaeso,
720 2479 817 2545 haec:
830 2479 943 2545 eadem
958 2480 1030 2544 sere
1044 2485 1075 2544 et
1088 2479 1148 2544 Pol
1163 2483 1194 2541 et
1208 2479 1285 2542 Liv.
1296 2476 1424 2542 habent:

296 2633 297 2638 η
425 2603 515 2650 nuno
539 2605 699 2650 censesne
723 2585 798 2651 fieri
821 2588 979 2672 potuisse,
998 2593 1034 2652 ut
1051 2607 1093 2652 ex
1110 2587 1223 2650 multis
1240 2605 1325 2670 quae
1347 2581 1427 2670 apud

425 2693 546 2759 multos
571 2694 645 2758 illos
677 2701 810 2759 veteres
835 2697 1015 2781 scriptores
1043 2693 1274 2772 tradebantur,
1302 2698 1333 2758 et
1355 2690 1423 2757 Pol.

425 2807 459 2867 et
482 2803 556 2867 Liv.
576 2822 681 2888 pauca
700 2801 879 2886 eademque
895 2803 1067 2887 eligerent,
1086 2802 1165 2866 item
1182 2801 1287 2866 multa
1305 2799 1428 2866 eadem-

425 2930 489 2994 que
505 2909 760 2994 relinquerent
783 2911 880 2974 Furit
895 2911 1044 2995 prolecto
1060 2910 1117 2992 qui
1140 2915 1207 2974 tam
1232 2909 1334 2972 miras
1358 2925 1428 2970 sen·

424 3020 544 3083 tentias
562 3037 629 3082 non
655 3023 792 3081 veretur
809 3017 843 3080 in
861 3017 1036 3081 historiam
1051 3017 1243 3080 litterarum
1260 3015 1427 3078 invehere.

511 3125 606 3191 XVI.
632 3127 769 3190 Patiare
793 3131 904 3189 autem
920 3145 972 3188 me
988 3125 1043 3190 hic
1061 3125 1305 3208 aliquantisper
1322 3142 1341 3186 a
1356 3142 1426 3206 pro·

422 3231 528 3318 posito
552 3230 712 3298 recedere
735 3237 772 3297 ut
795 3231 835 3296 de
858 3234 898 3297 iis
916 3252 998 3317 quae
1015 3232 1181 3297 Diodorus
1198 3230 1301 3296 tradit
1322 3247 1424 3314 pauca

424 3358 586 3405 moneam.
614 3338 726 3404 Minus
750 3341 837 3402 enim
869 3327 967 3424 quam
1002 3341 1108 3424 primo
1134 3340 1245 3404 statim
1276 3337 1428 3422 adspectu

424 3447 557 3512 videtur
581 3445 768 3512 abhorrent
784 3467 835 3527 ea,
854 3467 937 3533 quae
954 3449 994 3512 de
1012 3454 1117 3512 morte
1141 3446 1340 3511 Hamilcaris
1357 3445 1429 3509 Dio·

425 3553 525 3620 dorus
546 3554 656 3632 tradit,
680 3557 722 3620 ab
758 3555 799 3618 iis
838 3575 923 3638 quae
958 3556 1062 3620 ceteri
1094 3554 1233 3619 tradunt
1268 3552 1427 3618 historici.

424 3661 665 3748 Praeterquam
690 3661 776 3747 quod
812 3661 898 3746 apud
922 3663 1050 3746 Polyb,
1078 3661 1156 3739 Liv,
1183 3659 1276 3746 App,
1295 3662 1427 3733 Zonar.,

426 3788 515 3833 mors
538 3770 739 3835 Hamilcaris
763 3775 925 3834 narratur
957 3789 1024 3834 non
1048 3768 1142 3835 modo
1166 3789 1185 3834 a
1209 3768 1352 3834 Diodoro
1378 3764 1430 3831 sed

425 3876 524 3940 etiam
548 3879 708 3942 alustino
733 3881 831 3962 atque
857 3875 1013 3942 Cornelio
1031 3877 1168 3961 Nepote.
1189 3876 1345 3942 Omnium
1358 3876 1432 3939 hre-

424 3983 558 4048 vissime
592 3990 701 4048 autem
738 3985 854 4051 Livius
885 3983 936 4062 21,
955 3985 1019 4061 2,3
1047 3986 1114 4049 ait:
1152 3985 1277 4051 «Mors
1307 3982 1432 4050 Hamil-

426 4091 570 4157 caris»:
601 4109 644 4155 ne
675 4090 734 4156 illo
759 4090 889 4177 quidem
915 4091 1037 4171 addito,
1063 4113 1126 4177 quo
1156 4092 1290 4159 tandem
1315 4090 1431 4158 mortis
