3046 5096
401 463 435 514 44
715 479 752 514 an
771 467 919 516 carunnun
943 461 1025 524 ttae

366 585 543 670 Complura
579 587 645 652 alia
679 587 830 672 Scaliger
865 588 1119 651 immutaverat:
1145 594 1317 672 eruperat
1342 589 1386 652 in

367 706 544 777 cooperor
566 691 669 778 (vers.
693 692 736 779 4),
762 695 916 778 aperitin
940 712 1039 778 cuens
1059 684 1168 780 (vers.
1203 691 1254 779 d),
1278 713 1385 778 quae,

366 819 427 883 per
443 819 479 864 se
492 819 598 881 neque
615 800 761 865 absurda
778 818 887 886 neque
908 803 1043 876 absona,
1061 798 1246 885 respuenda
1263 806 1385 866 tamen

361 912 456 984 sunt,
482 912 594 992 utpote
618 925 704 990 quae
729 924 749 970 a
773 907 939 991 scriptura
965 905 1115 971 codicum
1144 905 1314 970 recedant.

408 1011 500 1078 Sicut
523 1013 613 1077 inter
639 1032 754 1079 omnes
790 1019 918 1077 constat
952 1012 1156 1104 probabilem
1195 1013 1379 1077 lectionem

364 1139 438 1184 esse
461 1119 628 1185 Firmano
651 1119 757 1197 cultu,
792 1119 837 1182 ita
870 1119 969 1182 etiarn
993 1124 1123 1183 constat
1147 1120 1237 1182 inter
1261 1137 1382 1182 omnes

364 1227 398 1290 in
420 1224 536 1290 eodem
559 1244 662 1289 versu
686 1244 746 1310 pro
770 1244 809 1288 eo
832 1223 920 1309 quod
944 1231 994 1288 est
1017 1225 1051 1287 in
1072 1225 1198 1288 Datano
1215 1225 1385 1289 mensula

365 1330 578 1397 scribendum
602 1351 676 1397 esse
700 1330 871 1404 Mentula
898 1331 975 1395 item
1000 1333 1034 1395 in
1058 1333 1157 1396 tertio
1188 1344 1289 1394 uersu
1313 1349 1380 1414 pro

295 1513 298 1522 ¹
363 1459 402 1504 eo
420 1437 506 1523 quod
523 1439 654 1504 codices
671 1438 829 1503 exhibent
845 1439 1036 1522 accipiam,
1057 1437 1269 1503 scribendum
1285 1455 1380 1514 esse,

362 1550 399 1609 ut
421 1546 496 1609 Itali
521 1545 646 1610 saeculi
668 1545 735 1609 XV
759 1550 979 1621 censuerunt,
1006 1543 1214 1626 aucupium
1232 1542 1381 1628 denique

362 1653 398 1715 in
420 1657 588 1734 postremo
611 1670 714 1716 versu
737 1669 797 1734 pro
815 1668 854 1714 eo
871 1648 958 1733 quod
975 1650 1011 1713 in
1028 1649 1196 1714 codicibus
1213 1649 1380 1734 scripturn

363 1762 456 1821 extat
486 1759 610 1823 saltem
641 1755 853 1822 scribendum
886 1775 961 1820 esse
995 1756 1135 1821 saltum.
1174 1753 1237 1820 Sed
1267 1747 1379 1839 pergo

362 1863 403 1929 ad
430 1885 462 1927 r.
487 1863 518 1928 6.

410 1971 452 2036 Il.
462 1969 500 2033 In
515 1969 621 2035 altero
633 1967 845 2033 hemistichio
858 1967 1016 2052 postremi
1029 1967 1228 2051 pentametri
1238 1965 1382 2030 exhibe-

363 2084 422 2142 tur
437 2077 473 2139 in
494 2075 681 2142 codicibus:
707 2075 794 2140 dum
816 2075 916 2140 modo
941 2075 1017 2158 ipse
1040 2079 1147 2159 coeat,
1167 2073 1201 2137 in
1217 2092 1282 2157 quo
1298 2093 1381 2138 sen-

283 2241 286 2248 ,
360 2184 467 2248 tentia
484 2181 615 2266 quidem
632 2187 748 2258 staret,
766 2179 823 2246 sed
840 2179 977 2246 offendit
993 2180 1112 2257 hiatus,
1130 2180 1224 2245 cuius
1240 2178 1377 2244 vitandi

364 2308 466 2354 causa
483 2288 562 2353 olim
577 2287 744 2363 edebatur,
758 2295 882 2354 mutato
899 2286 1109 2353 intoleranda
1122 2286 1260 2352 audacia
1271 2286 1379 2351 modo

361 2397 397 2460 in
414 2401 541 2472 taurea,
558 2395 643 2458 dum
659 2400 775 2460 tameo
792 2395 868 2478 ipse
891 2399 987 2478 eyeot
1015 2392 1221 2481 (Avancius).
1252 2393 1377 2456 Postea

361 2501 598 2566 Lachmannus
622 2500 749 2565 hiatum
772 2520 892 2565 rursus
916 2501 1059 2580 admisit,
1074 2499 1137 2565 sed
1151 2519 1211 2585 pro
1227 2519 1266 2564 eo
1281 2499 1374 2584 quod

361 2613 410 2672 est
432 2607 533 2675 modo
560 2627 659 2694 quum
687 2608 886 2672 coniecisset
913 2607 1028 2685 doute,
1058 2604 1177 2670 edidit:
1202 2607 1288 2671 dnm
1303 2606 1374 2669 do-

361 2733 416 2780 mo
441 2716 513 2800 epse
536 2719 643 2800 coeat.
666 2713 712 2778 At
743 2715 774 2778 si
794 2715 949 2778 carminis
975 2732 1112 2778 sensum
1135 2711 1239 2797 probe
1254 2717 1368 2786 tene0‚

360 2823 465 2887 verba
488 2821 571 2886 haec
601 2841 687 2906 quae
721 2819 957 2887 Lachmannus
979 2820 1089 2905 posuit
1111 2837 1186 2884 cum
1204 2817 1256 2881 'iis
1281 2836 1371 2902 quae

361 2927 578 3015 praecedunt,
595 2927 683 2992 male
707 2929 966 3014 coniunguntur.
993 2924 1147 2992 Catullus
1172 2927 1261 2989 enim
1285 2943 1375 2989 con-

360 3036 446 3101 cedit
483 3036 687 3100 Mamurram
728 3034 864 3099 divitem
887 3054 981 3108 esse,
1008 3035 1036 3097 si
1062 3031 1178 3108 fundi,
1211 3051 1308 3117 quem
1335 3032 1366 3096 is

359 3131 530 3221 habebat,
555 3144 641 3207 ratio
665 3141 890 3206 tantummodo
914 3139 1102 3205 habeatur:
1128 3136 1218 3226 l(huc
1242 3136 1374 3203 faciunt

360 3269 444 3336 quae
481 3246 606 3314 Cicero
641 3247 687 3314 od
721 3247 792 3321 Art.
829 3247 922 3327 7,7,6
945 3247 1062 3312 habet:
1103 3270 1120 3306 «
1156 3251 1190 3310 et
1233 3246 1377 3310 Labieni
1470 3281 1473 3292 ·

360 3356 508 3422 divitiae
532 3361 565 3420 et
588 3353 794 3421 Mamurrae
815 3355 978 3440 placent»
993 3352 1022 3440 );
1050 3351 1106 3418 sed
1130 3370 1259 3429 rursus,
1277 3371 1375 3417 sum-

358 3469 473 3548 ptuum
511 3461 641 3526 ratione
681 3460 818 3539 habita,
858 3467 959 3544 negat
998 3478 1073 3524 eum
1105 3457 1241 3523 divitem
1280 3477 1369 3538 esse3

359 3590 443 3655 quae
467 3576 583 3657 poetae
606 3569 711 3634 nostri
742 3567 987 3654 argumentatio
1010 3567 1095 3630 iusta
1112 3571 1180 3642 est;
1204 3563 1262 3629 sed
1285 3563 1378 3637 nulli

359 3695 502 3761 unquam
532 3695 635 3752 sano,
662 3694 704 3739 ne
728 3675 864 3740 inimico
888 3673 1037 3761 quidem,
1062 3671 1103 3736 de
1125 3669 1173 3755 [eo
1201 3670 1373 3756 loquenti,

359 3784 416 3869 qui
440 3785 505 3850 nisi
528 3779 712 3871 sumptibus
736 3789 927 3869 superasset
950 3783 1081 3849 fructus
1116 3779 1297 3844 ditissimus
1320 3778 1371 3841 vi-

360 3890 434 3955 deri
456 3892 581 3976 potuit,
613 3891 676 3957 hoc
715 3890 894 3956 excidisset
934 3890 1096 3964 verbum,
1123 3886 1282 3951 nimirum
1305 3885 1376 3950 ho-

360 3997 484 4061 minem
522 3995 612 4064 hunc
648 3999 754 4085 ipsum
790 4000 831 4063 ob
864 4004 1012 4082 sumptus
1048 3999 1271 4080 exuperantes
1305 4011 1376 4057 non

360 4104 458 4170 modo
493 4103 620 4169 diuitiis
644 4104 700 4169 sed
736 4105 837 4171 domo
873 4107 946 4191 ipsa
970 4103 1129 4169 caruisse.
1159 4103 1232 4178 Quo
1267 4099 1376 4184 magis
