3046 5096
355 375 357 380 Α
378 385 413 446 54
602 351 792 446 coronamus
811 381 1090 466 r1r1n1v121‚l·20
1163 467 1166 472 Ι

346 535 410 581 nus
432 516 523 580 inter
556 514 683 600 pedites
715 535 814 599 quam
849 515 937 581 inter
968 515 1120 599 equites;
1156 514 1283 599 primus
1322 514 1365 576 in

346 621 511 707 proelium
534 621 593 700 ire,
618 622 806 707 postremus
830 623 958 708 proelio
983 619 1159 687 excedere.
1185 621 1255 685 Eae
1281 622 1365 686 eius

347 730 486 796 fuerunt
508 730 662 816 virtutes.
682 731 774 797 Vitia
791 729 882 796 addit
897 730 1009 794 Livius
1022 727 1200 805 nonnulla,
1219 727 1261 792 ad
1276 729 1368 793 ima·

347 840 457 923 ginem
483 837 610 902 scilicet
633 839 704 902 eius
721 835 971 922 perficiendam.
994 836 1126 911 Quanta
1145 841 1302 920 exparte
1326 835 1371 898 in

346 946 410 1009 ista
428 943 650 1028 descriptione
666 944 785 1009 Livius
801 945 843 1009 ab
865 943 945 1008 aliis
961 944 1011 1019 sit,
1026 949 1096 1008 tum
1113 943 1270 1031 quisnam
1291 943 1374 1006 eius

347 1052 454 1137 potior
477 1056 595 1117 auctor
632 1050 761 1128 fuerit,
800 1053 872 1136 quis
897 1051 1002 1136 possit
1025 1070 1116 1116 nunc
1152 1047 1376 1115 diiudicare?

347 1158 482 1222 Etenim
508 1164 766 1224 consentaneum
802 1165 851 1223 est
885 1158 1008 1244 multos
1032 1164 1188 1223 auctores
1223 1162 1368 1220 veteres

347 1263 491 1343 indolem
514 1265 714 1330 Hannibalis
753 1267 982 1351 expressisse.
1022 1264 1104 1352 (Cf.
1129 1264 1231 1330 Dion.
1262 1261 1372 1328 Cass,

347 1371 481 1458 Fragm.
504 1371 546 1436 54
571 1371 658 1438 edid.
683 1371 779 1438 Dind.
806 1373 833 1451 l,
859 1374 952 1458 psat
978 1391 1080 1457 seqq;
1112 1371 1176 1436 etsi
1201 1369 1374 1435 nonnulla

348 1498 433 1564 quae
456 1480 515 1544 Dio
542 1481 682 1545 exhibet
705 1478 747 1544 ad
771 1479 875 1544 alium
898 1481 1007 1564 potius
1040 1477 1159 1542 ducem
1190 1477 1273 1541 mihi
1306 1477 1373 1541 vi-

242 1613 244 1618 ’
348 1585 470 1651 dentur
494 1593 656 1671 spectare,
682 1569 781 1670 quam
805 1585 847 1650 ad
872 1581 1122 1669 Hannibalem).

436 1691 511 1756 Vll.
537 1677 630 1769 Quae
667 1699 744 1758 sunt
778 1693 810 1756 in
845 1692 918 1757 loco
950 1691 1033 1756 Livii
1058 1690 1275 1769 21‚16.‚.1100
1311 1698 1373 1756 est

281 1823 284 1834 .
348 1804 482 1885 quanto·
511 1818 664 1864 moerore
700 1805 872 1864 senatores
908 1799 1053 1862 Romani
1089 1795 1201 1863 affecti
1236 1795 1374 1862 fuerint

348 1906 404 1969 ubi
430 1905 571 1990 Sagunti
594 1904 762 1970 excidium
788 1906 977 1969 nuntiatum
1002 1911 1073 1981 est,
1108 1909 1187 1968 sunt
1219 1923 1257 1967 ea
1289 1905 1372 1988 ipsa

349 2033 434 2096 quae
467 2013 538 2077 Pol.
562 2011 671 2088 3203
695 2013 729 2075 in
755 2011 950 2095 quibusdam
986 2010 1178 2104 historicis⁸
1195 2011 1373 2076 acerrime

348 2121 525 2205 vituperat.
562 2121 667 2194 Quem
702 2119 876 2183 annalium
912 2119 1116 2201 scriptorem
1152 2123 1286 2182 secutus
1322 2119 1375 2182 sit

349 2227 466 2291 Liuius
490 2227 555 2291 iam
580 2227 652 2308 quis
677 2226 836 2310 quaerat?
853 2244 962 2311 neque
981 2245 1045 2311 ego
1062 2223 1228 2288 hariolari
1252 2224 1344 2290 volo,
1376 2259 1381 2264 ·

393 2331 456 2397 Sed
480 2330 521 2396 ad
544 2332 702 2397 uberiora
726 2335 792 2396 iam
816 2331 955 2417 gradum
980 2332 1137 2396 facimus,

438 2438 528 2505 Vlll.
546 2438 615 2502 Liv.
642 2437 906 2516 atas-tras.
925 2438 1092 2503 Dooemur
1109 2439 1143 2502 in
1160 2440 1275 2524 priore
1290 2437 1375 2504 loco

348 2547 477 2632 legatos
492 2546 601 2622 Rom„
620 2565 721 2630 quum
736 2545 960 2630 Hannibalem
979 2546 1168 2630 Saguntum
1184 2547 1249 2610 iam
1266 2566 1377 2630 oppu-

350 2658 508 2740 gnantem
534 2649 757 2728 offendissent,
777 2653 819 2716 ab
836 2671 874 2718 eo
891 2651 1096 2738 prohibitos
1117 2652 1373 2738 Carthaginem,

350 2762 447 2826 sicuti
471 2761 550 2824 iussi
574 2767 683 2838 erant,
710 2779 746 2823 se
770 2758 972 2836 contulisse;
998 2779 1102 2845 porro
1136 2761 1169 2823 in
1204 2761 1373 2827 Senatum

349 2868 680 2953 Carthaginiensium
694 2866 892 2944 deferimur,
908 2867 1055 2931 audituri
1069 2869 1255 2932 orationem
1272 2867 1373 2931 Han-

349 2977 446 3041 nonis
469 2977 632 3040 hortantis
656 2995 698 3039 ne
730 2974 867 3040 foedera
900 2994 975 3038 cum
1005 2975 1167 3039 Romanis
1197 2976 1264 3040 icta
1291 2976 1372 3039 vio-

350 3063 514 3148 larentur.
549 3083 595 3146 De
626 3082 745 3166 legatis
779 3082 900 3159 Rom,
935 3102 1018 3166 quos
1054 3082 1222 3146 Hannibal
1253 3101 1368 3166 neque

326 3257 329 3263 ,
349 3188 465 3254 audire
488 3207 595 3273 neque
619 3188 733 3253 videre
757 3190 872 3266 voluit,
899 3188 1005 3254 fusius
1039 3189 1203 3254 disseram
1235 3194 1368 3274 postea.

350 3296 500 3364 Coelium
517 3296 728 3381 Antipatrum
745 3304 916 3362 auctorem
930 3297 1014 3362 Livii
1027 3301 1204 3362 autumant
1221 3314 1367 3372 osseca

273 3445 276 3456 ·
350 3422 450 3469 causa
474 3401 560 3487 quod
577 3410 609 3467 et
623 3401 709 3488 apud
726 3403 869 3467 Nonium
886 3424 963 3490 pag.
983 3403 1026 3468 50
1043 3404 1106 3468 hoc
1124 3411 1220 3469 extat
1235 3403 1365 3488 fragm.

350 3510 461 3576 Coeli:
490 3535 506 3569 e
532 3517 660 3575 tantum
677 3509 806 3576 bellum
822 3513 997 3578 suscitare
1014 3512 1131 3576 conari
1148 3509 1369 3575 adversarios

353 3641 371 3677 ‹
394 3624 512 3682 contra
534 3616 708 3706 bellosum
725 3638 830 3702 genus
857 3644 873 3678 s
900 3638 983 3702 quae
1009 3619 1113 3683 verba
1138 3637 1213 3682 cum
1247 3617 1368 3682 verbis

349 3720 437 3790 Livii
460 3725 495 3788 in
526 3727 678 3790 oratione
713 3725 886 3790 Hannonis
922 3725 1073 3791 conferri
1110 3731 1371 3790 consueverunt

352 3854 370 3890 c
394 3849 454 3916 per
489 3829 566 3896 deos
602 3832 774 3898 foederum
812 3833 958 3897 arbitros
994 3852 1032 3897 ac
1068 3836 1170 3897 testes
1210 3837 1371 3897 senatum

352 3961 370 3996 c
395 3937 563 4002 obtestans
588 3958 631 4004 ne
646 3939 834 4004 Romanum
851 3960 925 4005 oum
942 3939 1129 4025 Saguntino
1149 3939 1371 4006 suscitarant

353 4067 370 4107 t<
396 4043 524 4112 bellum
548 4071 566 4107 »
592 4052 625 4112 et
641 4046 725 4131 apud
739 4047 952 4113 Priscianum
970 4045 1095 4132 legitur
1110 4045 1208 4123 tuit
1224 4065 1256 4129 p.
1271 4044 1338 4110 886
1358 4067 1367 4110 ;
