3164 5104
362 842 448 924 ΑΙ)
485 841 854 932 CATULLUM
887 835 1012 944 68,60

554 1421 725 1492 CAPUT
755 1425 796 1491 V.

207 1767 234 1833 1.
244 1764 387 1832 Carmen
395 1765 438 1832 68
448 1785 571 1832 revera
586 1786 629 1831 ex
643 1767 771 1832 duobus
784 1766 992 1835 carminibus
1004 1767 1186 1836 conflatum

154 1875 273 1943 fuisse
307 1893 394 1960 quae
426 1874 560 1938 librarii
595 1893 773 1960 perperam
810 1875 1060 1960 coniunxerint,
1091 1879 1188 1944 multi

155 1983 387 2059 arbitrantur,
413 1987 447 2047 et
470 1988 563 2048 recte
588 1981 732 2046 fortasse
757 1982 985 2048 arbitrantur.
1011 1975 1083 2074 Ego
1104 2005 1187 2051 vero

154 2092 255 2157 hanc
278 2089 502 2175 quaestionem
526 2091 560 2153 in
585 2091 778 2174 praesentia
803 2091 976 2175 relinquo:
999 2090 1033 2156 id
1056 2096 1187 2157 tantum

155 2217 293 2275 moneo,
329 2217 382 2262 me
417 2197 610 2262 necessario
645 2217 767 2262 versus
803 2181 1003 2264 numerasse
1037 2201 1187 2285 aprime

154 2324 271 2391 nsque
295 2304 338 2370 ad
361 2310 576 2390 postremum,
601 2303 696 2370 nuila
721 2303 813 2397 facta
842 2293 1017 2385 divisione,
1042 2307 1186 2392 quaein

155 2410 387 2478 numerandis
411 2413 567 2477 versibus
592 2431 661 2476 non
686 2413 772 2478 bene
796 2413 1028 2480 adhiberetur.
1094 2499 1095 2504 ἵ

207 2518 311 2584 Hisce
335 2504 469 2584 monitis
492 2518 593 2585 venio
618 2518 710 2586 adv.
729 2519 785 2600 60,
812 2520 869 2606 qui
893 2521 928 2585 in
953 2518 1121 2588 codicibus
1139 2523 1185 2589 ita

153 2631 255 2696 extat
279 2627 443 2712 scriptus:

307 2806 399 2866 «Per
420 2805 553 2866 medium
574 2806 665 2866 densi
684 2806 795 2866 transit
817 2808 875 2866 iter
896 2808 1008 2885 populi.
1027 2831 1044 2866 »

209 2976 344 3044 Somnia
376 2977 527 3056 Santoni,
564 2978 621 3063 qui
655 2979 690 3042 in
714 2977 874 3043 versibus
899 2978 955 3061 qui
979 2977 1212 3064 praecedunt

154 3103 225 3173 pro
249 3087 337 3151 volte
375 3085 478 3151 scribi
516 3085 653 3154 volebat
684 3085 782 3162 colle,
825 3084 1060 3176 missadacio.
1101 3087 1184 3151 Item

154 3191 340 3270 Huschkii,
365 3193 480 3278 quiin
505 3192 571 3259 hoc
599 3213 702 3258 varsu
725 3193 867 3278 scopuli
889 3212 957 3257 non
989 3193 1116 3278 populi
1138 3193 1184 3259 le·

158 3298 311 3384 gendum
335 3320 410 3365 esse
428 3301 610 3378 ccnsebat;
638 3306 756 3366 contra
775 3318 871 3384 quem
888 3299 1053 3388 Hauptius
1065 3303 1185 3367 rectis·

156 3406 247 3471 sime
265 3406 396 3492 populi
411 3405 575 3472 defendit.
602 3404 673 3479 Quo
690 3407 796 3492 magis
817 3408 1000 3473 noluissem
1018 3408 1183 3494 Hauptius

154 3508 370 3580 Huschkium
401 3513 591 3598 probasset,
632 3510 856 3588 affirmantem
890 3534 956 3580 non
991 3515 1078 3579 bene
1117 3514 1182 3580 dici

153 3622 306 3710 potuisse
320 3621 389 3687 iter
402 3621 503 3686 densi
511 3621 652 3703 populi,
669 3626 767 3705 atque
783 3639 887 3706 porro
904 3626 1064 3685 mutasset
1080 3620 1183 3689 densi

154 3732 197 3796 in
235 3729 374 3806 sensim,
411 3727 444 3792 id
468 3726 556 3814 quod
580 3747 619 3792 eo
648 3731 786 3812 gravius
811 3725 916 3818 doleo,
941 3727 1028 3812 quod
1050 3731 1183 3796 sensim
1225 3709 1236 3724 ⁸

154 3841 277 3925 postea
302 3842 353 3902 est
376 3841 548 3923 receptum
575 3835 610 3899 in
628 3834 773 3901 editione
790 3835 959 3901 Teubneri
974 3835 1078 3924 Lips.‚
1096 3855 1182 3922 quae

157 3947 201 4010 in
225 3943 380 4008 manibus
405 3948 454 4007 est
477 3944 642 4008 omnium.
677 3941 826 4028 Namque
849 3943 889 4021 si,
915 3940 949 4009 id
972 3943 1059 4032 quod
1083 3963 1181 4010 nemo

155 4057 275 4144 negat,
300 4050 406 4119 latina
424 4056 502 4118 sunt
526 4050 595 4120 tter
612 4049 757 4136 populi,
784 4069 889 4138 quare
907 4051 978 4124 iter
1000 4051 1100 4120 densi
1117 4068 1181 4136 po-
