3164 5104
526 361 562 404 Ao
581 361 731 408 carunuuu
752 348 825 420 95,7
1112 345 1144 405 41

162 474 357 542 «tionibus
384 475 431 540 De
455 475 519 539 hac
543 477 738 562 significare
761 477 896 542 videtur
932 481 964 542 et
989 477 1121 556 Cicer0,
1146 481 1183 543 in

160 609 182 645 a
202 583 344 670 quadam
369 581 412 649 ad
435 581 561 648 Axium
586 585 730 670 epistula
752 585 921 664 referens,
947 585 1128 652 Caesarem
1148 586 1183 649 in

163 691 379 758 «consulatu
403 689 621 757 confirmasse
657 712 807 779 reguum,
833 693 873 759 de
897 713 961 779 quo
985 691 1105 758 aedilis
1130 712 1185 757 co-

160 801 338 886 agitaret.
370 801 550 866 Tanusius
574 800 700 882 adicit,
727 802 886 868 Crassum
921 800 1105 886 penitentia
1127 800 1184 866 vel

160 933 180 968 a
201 915 290 972 metu
315 908 402 973 diem
426 908 521 973 caedi
546 908 749 975 destinatum
773 929 840 974 non
864 908 987 989 obisse,
1007 907 1183 976 etidcirco

163 1041 183 1077 «
200 1034 245 1080 ne
268 1016 447 1082 Caesarem
465 1015 597 1101 quidem
615 1017 760 1101 signum,
787 1015 875 1102 quod
897 1017 940 1082 ab
957 1035 996 1082 eo
1013 1016 1087 1081 dari
1103 1036 1185 1082 cou-

163 1149 183 1185 «
202 1128 351 1200 venerat,
387 1122 555 1188 dedisse»
596 1131 675 1200 etc,
708 1125 834 1202 statuit,
864 1141 962 1210 quern
1002 1121 1183 1190 Volusium

160 1231 317 1297 Catullus
341 1237 521 1316 nuncupat,
547 1230 654 1297 fuisse
682 1231 877 1297 Tanusium
903 1231 1092 1297 Geminum
1115 1251 1185 1296 me-

160 1344 330 1404 moratum
346 1336 433 1423 apud
449 1337 546 1404 Suet.
564 1344 664 1425 atque
682 1339 782 1403 etiam
798 1337 886 1424 apud
902 1338 989 1403 Plut.
1010 1336 1110 1404 Caes.
1124 1337 1179 1404 22.

158 1447 346 1532 Perperam
369 1466 453 1511 vero
476 1446 643 1532 Hauptius
667 1445 813 1532 probare
837 1451 982 1512 conatur
999 1447 1181 1515 Tanusium

159 1549 340 1618 Geminum
364 1554 541 1639 aequalem
559 1553 681 1618 Catulli
698 1561 731 1618 et
746 1553 899 1619 Caesaris
917 1554 1041 1620 fuisse:
1059 1573 1183 1638 aequa·

158 1659 230 1725 lem
255 1680 330 1726 eum
354 1661 479 1728 Catulli
504 1661 610 1726 fuisse
634 1663 779 1747 Hauptio
805 1667 855 1727 est
872 1667 1072 1746 argumento
1092 1660 1180 1747 quod

132 1759 308 1833 'Tanusio
343 1765 480 1834 Gemino
510 1774 649 1834 auclore
683 1787 750 1833 una
782 1788 857 1834 eum
892 1768 971 1834 aliis
1005 1768 1181 1856 (Caesare,

158 1875 209 1939 M.
232 1874 364 1954 Bibule,
408 1877 445 1944 C.
482 1875 640 1952 Curione,
678 1875 854 1952 Cicerone,
884 1875 980 1940 Asin.
1008 1874 1187 1954 Pollione„

147 1983 270 2048 Licin.
288 1982 401 2062 Calue,
419 1984 608 2060 Dolabella,
627 1984 665 2050 C.
680 1983 846 2062 Memmio,
865 1983 910 2048 M.
933 1985 1051 2060 Bruto
1070 1983 1105 2049 C.
1118 1985 1183 2072 Op·

157 2091 229 2176 pie,
248 2091 412 2178 Augusto,
431 2092 554 2170 Hirtio,
573 2091 732 2160 Cornelio
750 2089 879 2182 Balbo),
897 2091 1096 2177 aequalibus
1113 2091 1182 2157 illis

158 2199 330 2277 Caesaris,
345 2198 534 2267 Suetonius
549 2221 631 2265 usus
650 2206 710 2266 est.
725 2200 908 2284 Perperam
921 2201 986 2265 aio:
1003 2199 1181 2266 Suetonius
1262 2193 1266 2200 ’

157 2307 251 2370 enim
276 2326 342 2372 una
367 2328 441 2373 curn
465 2308 666 2395 aequalibus
679 2308 834 2379 Caesaris
851 2309 957 2394 potuit
975 2309 1023 2374 uti
1040 2316 1179 2376 auclore

153 2415 217 2498 qui
240 2414 343 2480 multo
357 2422 472 2501 postea
487 2414 653 2483 floruerit.

205 2523 245 2586 Iu
268 2543 424 2608 magnam
448 2525 592 2591 alteram
616 2523 847 2591 difficultatem
864 2525 982 2591 incidit
998 2523 1175 2613 Hauptius,

156 2650 206 2696 ex
221 2651 287 2716 qua
302 2652 370 2697 non
387 2635 540 2718 sagacius
556 2653 630 2699 sese
654 2632 836 2720 expedivit.
862 2632 959 2701 Suet.
985 2633 1075 2698 enirn
1099 2654 1179 2698 usus
1284 2643 1304 2704 ’.

154 2743 212 2803 est
226 2740 382 2807 historio
398 2743 538 2806 Tanusii
561 2739 705 2820 Gemini,
732 2762 832 2827 quum
849 2761 867 2807 e
885 2742 1056 2808 contrario
1073 2740 1180 2808 Volu-

156 2849 233 2913 sius
248 2847 399 2916 Auuules
411 2849 566 2915 versibus
591 2849 865 2928 condideritbt,
882 2848 974 2914 addit
997 2849 1176 2935 Hauptius,

154 2961 297 3041 praeter
318 2956 473 3023 Auuules
496 2943 670 3042 possumus
705 2957 843 3023 credere
875 2977 950 3022 eum
984 2955 1177 3023 historiam

157 3053 291 3147 quoipne
329 3071 404 3151 post
440 3073 583 3134 mortem
618 3064 774 3132 Caesaris
812 3063 1061 3149 conscripsisse.
1104 3064 1176 3129 Hoc

158 3176 276 3236 antem
292 3179 342 3238 est
366 3173 521 3251 hominia,
555 3193 636 3259 pace
660 3173 703 3237 sit
726 3173 846 3236 summi
869 3171 936 3236 viri
960 3171 1094 3248 dictum,
1125 3191 1181 3236 co·

157 3279 332 3346 niceturas
367 3281 572 3346 coniecturis
610 3277 854 3346 confirmantis.
883 3280 1000 3346 Nonne
1031 3283 1181 3364 praestat

158 3407 250 3474 quae
273 3387 450 3454 diiudicari
472 3394 645 3473 nequeunt
669 3387 703 3453 in
722 3389 852 3455 incerto
869 3387 1091 3473 relinqueret

252 3497 311 3565 IV.
334 3498 522 3583 Utrumque
543 3502 796 3582 ‘argumentum
831 3516 895 3583 quo
932 3494 1097 3581 Hauptius
1127 3499 1178 3560 est

158 3623 242 3670 usus
266 3625 334 3672 non
359 3607 441 3672 satis
473 3603 590 3670 valere
626 3603 798 3671 fatendum
831 3612 890 3671 est.
929 3602 1020 3669 Idem
1044 3602 1180 3670 videtur

158 3711 249 3779 effici
272 3734 314 3779 ex
338 3714 408 3778 illis
433 3732 518 3799 quae
542 3713 637 3779 Plut.
667 3712 766 3780 Caes.
789 3712 842 3792 22,
868 3717 1006 3778 auctore
1022 3711 1179 3791 Tanusio,

156 3829 300 3888 narrat:
327 3821 413 3887 baec
436 3823 559 3908 autern,
586 3821 704 3907 quibus
730 3821 818 3886 nibil
835 3826 955 3899 statue,
973 3821 1058 3886 tanti
1074 3820 1180 3886 facies

157 3931 281 4016 quanti
307 3930 409 3996 voles.
434 3929 575 3996 Narrat
590 3929 695 4015 igitur
726 3928 952 3994 Plutarchus:
979 3926 1114 4007 Senatu,
1139 3927 1180 3992 ob

155 4058 217 4112 res
244 4058 262 4106 a
287 4037 429 4107 Caesare
457 4058 548 4105 anno
572 4038 612 4105 U.
642 4056 671 4103 c.
705 4033 975 4106 DCLXXXXIX
1010 4035 1097 4103 bene
1125 4055 1182 4124 ge·
