<?xml version="1.0" encoding="UTF-8"?>
<!DOCTYPE html PUBLIC "-//W3C//DTD XHTML 1.0 Transitional//EN"
    "http://www.w3.org/TR/xhtml1/DTD/xhtml1-transitional.dtd">
<html xmlns="http://www.w3.org/1999/xhtml" xml:lang="en" lang="en">
 <head>
  <title>
</title>
<meta http-equiv="Content-Type" content="text/html;charset=utf-8" />
  <meta name='ocr-system' content='tesseract 3.04.00' />
  <meta name='ocr-capabilities' content='ocr_page ocr_carea ocr_par ocr_line ocrx_word'/>
</head>
<body>
  <div class='ocr_page' id='page_1' title='image "animadversiones00tartgoog_0046.png"; bbox 0 0 3164 5104; ppageno 0'>
   <div class='ocr_carea' id='block_1_1' title="bbox 552 371 1176 460">
    <p class='ocr_par' dir='ltr' id='par_1_1' title="bbox 552 371 1176 460">
     <span class='ocr_line' id='line_1_1' title="bbox 552 371 1176 460; baseline 0 -30"><span class='ocrx_word' id='word_1_1' title='bbox 552 391 589 444; x_wconf 70' lang='lat' dir='ltr'>rm</span> <span class='ocrx_word' id='word_1_2' title='bbox 608 389 759 432; x_wconf 76' lang='lat' dir='ltr'>carentum</span> <span class='ocrx_word' id='word_1_3' title='bbox 779 371 853 460; x_wconf 44' lang='lat'>9³27</span> <span class='ocrx_word' id='word_1_4' title='bbox 1140 371 1176 430; x_wconf 82' lang='lat'>39</span> 
     </span>
    </p>
   </div>
   <div class='ocr_carea' id='block_1_2' title="bbox 185 498 1258 1018">
    <p class='ocr_par' dir='ltr' id='par_1_2' title="bbox 185 498 1258 1018">
     <span class='ocr_line' id='line_1_2' title="bbox 186 498 1207 588; baseline -0.003 -20"><span class='ocrx_word' id='word_1_5' title='bbox 186 502 340 568; x_wconf 90' lang='lat' dir='ltr'>omnium</span> <span class='ocrx_word' id='word_1_6' title='bbox 365 501 523 567; x_wconf 73' lang='lat' dir='ltr'><strong>disseruit</strong></span> <span class='ocrx_word' id='word_1_7' title='bbox 547 501 588 565; x_wconf 93' lang='lat' dir='ltr'>de</span> <span class='ocrx_word' id='word_1_8' title='bbox 613 501 737 586; x_wconf 87' lang='lat' dir='ltr'>epyllio</span> <span class='ocrx_word' id='word_1_9' title='bbox 761 500 798 565; x_wconf 88' lang='lat' dir='ltr'>C.</span> <span class='ocrx_word' id='word_1_10' title='bbox 817 499 930 565; x_wconf 89' lang='lat' dir='ltr'>Helvii</span> <span class='ocrx_word' id='word_1_11' title='bbox 953 499 1080 565; x_wconf 89' lang='lat' dir='ltr'>Cinnae</span> <span class='ocrx_word' id='word_1_12' title='bbox 1099 498 1207 588; x_wconf 83' lang='lat' dir='ltr'>(cuius</span> 
     </span>
     <span class='ocr_line' id='line_1_3' title="bbox 185 605 1258 696; baseline -0.003 -22"><span class='ocrx_word' id='word_1_13' title='bbox 185 630 282 675; x_wconf 91' lang='lat' dir='ltr'>nunc</span> <span class='ocrx_word' id='word_1_14' title='bbox 305 629 473 696; x_wconf 89' lang='lat' dir='ltr'>perpauca</span> <span class='ocrx_word' id='word_1_15' title='bbox 498 614 681 695; x_wconf 76' lang='lat' dir='ltr'><strong>supersunt</strong></span> <span class='ocrx_word' id='word_1_16' title='bbox 709 605 915 693; x_wconf 83' lang='lat' dir='ltr'>fragmenta)</span> <span class='ocrx_word' id='word_1_17' title='bbox 939 609 1134 693; x_wconf 77' lang='lat' dir='ltr'>primusque</span> <span class='ocrx_word' id='word_1_18' title='bbox 1158 608 1212 672; x_wconf 91' lang='lat' dir='ltr'>in·</span> <span class='ocrx_word' id='word_1_19' title='bbox 1256 651 1258 656; x_wconf 90' lang='lat'><em>-</em></span> 
     </span>
     <span class='ocr_line' id='line_1_4' title="bbox 186 702 1228 804; baseline -0.002 -21"><span class='ocrx_word' id='word_1_20' title='bbox 186 717 324 783; x_wconf 78' lang='lat' dir='ltr'>tellerit</span> <span class='ocrx_word' id='word_1_21' title='bbox 348 716 427 804; x_wconf 90' lang='lat' dir='ltr'>quid</span> <span class='ocrx_word' id='word_1_22' title='bbox 459 716 522 781; x_wconf 91' lang='lat' dir='ltr'>sihi</span> <span class='ocrx_word' id='word_1_23' title='bbox 554 715 701 781; x_wconf 88' lang='lat' dir='ltr'>voluerit</span> <span class='ocrx_word' id='word_1_24' title='bbox 729 715 854 780; x_wconf 87' lang='lat' dir='ltr'>Catulli</span> <span class='ocrx_word' id='word_1_25' title='bbox 876 734 1008 793; x_wconf 88' lang='lat' dir='ltr'>versus,</span> <span class='ocrx_word' id='word_1_26' title='bbox 1039 715 1095 799; x_wconf 89' lang='lat' dir='ltr'>qui</span> <span class='ocrx_word' id='word_1_27' title='bbox 1118 702 1228 781; x_wconf 83' lang='lat' dir='ltr'>nunc</span> 
     </span>
     <span class='ocr_line' id='line_1_5' title="bbox 187 821 1212 912; baseline -0.002 -23"><span class='ocrx_word' id='word_1_28' title='bbox 187 832 243 890; x_wconf 87' lang='lat' dir='ltr'>est</span> <span class='ocrx_word' id='word_1_29' title='bbox 266 831 404 908; x_wconf 89' lang='lat' dir='ltr'>quartus</span> <span class='ocrx_word' id='word_1_30' title='bbox 433 824 592 888; x_wconf 82' lang='lat' dir='ltr'><strong>carminis</strong></span> <span class='ocrx_word' id='word_1_31' title='bbox 618 821 738 912; x_wconf 78' lang='lat' dir='ltr'>(nunc;</span> <span class='ocrx_word' id='word_1_32' title='bbox 764 842 842 888; x_wconf 92' lang='lat' dir='ltr'>nam</span> <span class='ocrx_word' id='word_1_33' title='bbox 866 827 941 908; x_wconf 91' lang='lat' dir='ltr'>post</span> <span class='ocrx_word' id='word_1_34' title='bbox 978 824 1114 888; x_wconf 87' lang='lat' dir='ltr'>tertium</span> <span class='ocrx_word' id='word_1_35' title='bbox 1137 841 1212 888; x_wconf 88' lang='lat' dir='ltr'>ver·</span> 
     </span>
     <span class='ocr_line' id='line_1_6' title="bbox 188 929 599 1018; baseline -0.007 -20"><span class='ocrx_word' id='word_1_36' title='bbox 188 953 268 998; x_wconf 91' lang='lat' dir='ltr'>sum</span> <span class='ocrx_word' id='word_1_37' title='bbox 295 930 419 1017; x_wconf 85' lang='lat' dir='ltr'>aliquid</span> <span class='ocrx_word' id='word_1_38' title='bbox 436 929 574 1018; x_wconf 79' lang='lat' dir='ltr'>excidit)</span> <span class='ocrx_word' id='word_1_39' title='bbox 592 951 599 994; x_wconf 92' lang='lat'>:</span> 
     </span>
    </p>
   </div>
   <div class='ocr_carea' id='block_1_3' title="bbox 246 1140 1163 1221">
    <p class='ocr_par' dir='ltr' id='par_1_3' title="bbox 246 1140 1163 1221">
     <span class='ocr_line' id='line_1_7' title="bbox 246 1140 1163 1221; baseline -0.001 -20"><span class='ocrx_word' id='word_1_40' title='bbox 246 1165 262 1201; x_wconf 86' lang='lat'><strong>‹</strong></span> <span class='ocrx_word' id='word_1_41' title='bbox 278 1144 408 1221; x_wconf 84' lang='lat' dir='ltr'><strong>Smyrna</strong></span> <span class='ocrx_word' id='word_1_42' title='bbox 423 1160 515 1202; x_wconf 86' lang='lat' dir='ltr'>caras</span> <span class='ocrx_word' id='word_1_43' title='bbox 530 1140 671 1203; x_wconf 80' lang='lat' dir='ltr'>Satrachi</span> <span class='ocrx_word' id='word_1_44' title='bbox 684 1142 804 1218; x_wconf 90' lang='lat' dir='ltr'>penitus</span> <span class='ocrx_word' id='word_1_45' title='bbox 820 1141 958 1203; x_wconf 87' lang='lat' dir='ltr'>mittetur</span> <span class='ocrx_word' id='word_1_46' title='bbox 973 1144 1011 1203; x_wconf 89' lang='lat' dir='ltr'>ad</span> <span class='ocrx_word' id='word_1_47' title='bbox 1029 1141 1129 1206; x_wconf 84' lang='lat' dir='ltr'>undas.</span> <span class='ocrx_word' id='word_1_48' title='bbox 1146 1163 1163 1200; x_wconf 87' lang='lat'>›</span> 
     </span>
    </p>
   </div>
   <div class='ocr_carea' id='block_1_4' title="bbox 188 1349 1322 4128">
    <p class='ocr_par' dir='ltr' id='par_1_4' title="bbox 191 1349 1214 1741">
     <span class='ocr_line' id='line_1_8' title="bbox 191 1349 1207 1438; baseline -0.001 -20"><span class='ocrx_word' id='word_1_49' title='bbox 191 1352 235 1418; x_wconf 88' lang='lat' dir='ltr'>ad</span> <span class='ocrx_word' id='word_1_50' title='bbox 251 1352 430 1420; x_wconf 89' lang='lat' dir='ltr'>Volusium</span> <span class='ocrx_word' id='word_1_51' title='bbox 455 1371 552 1438; x_wconf 86' lang='lat' dir='ltr'>quem</span> <span class='ocrx_word' id='word_1_52' title='bbox 579 1349 733 1419; x_wconf 74' lang='lat' dir='ltr'>Catullus</span> <span class='ocrx_word' id='word_1_53' title='bbox 761 1350 930 1437; x_wconf 82' lang='lat' dir='ltr'>vituperat</span> <span class='ocrx_word' id='word_1_54' title='bbox 958 1350 1045 1437; x_wconf 87' lang='lat' dir='ltr'>qnod</span> <span class='ocrx_word' id='word_1_55' title='bbox 1062 1353 1207 1433; x_wconf 85' lang='lat' dir='ltr'>attinet,</span> 
     </span>
     <span class='ocr_line' id='line_1_9' title="bbox 191 1457 1214 1526; baseline -0.001 -1"><span class='ocrx_word' id='word_1_56' title='bbox 191 1460 333 1526; x_wconf 90' lang='lat' dir='ltr'>nimium</span> <span class='ocrx_word' id='word_1_57' title='bbox 357 1458 491 1523; x_wconf 85' lang='lat' dir='ltr'>videtur</span> <span class='ocrx_word' id='word_1_58' title='bbox 515 1457 597 1521; x_wconf 90' lang='lat' dir='ltr'>mihi</span> <span class='ocrx_word' id='word_1_59' title='bbox 614 1458 819 1522; x_wconf 88' lang='lat' dir='ltr'>coniecturis</span> <span class='ocrx_word' id='word_1_60' title='bbox 838 1457 1021 1524; x_wconf 88' lang='lat' dir='ltr'>indulsisse</span> <span class='ocrx_word' id='word_1_61' title='bbox 1034 1459 1214 1524; x_wconf 87' lang='lat' dir='ltr'>statuendo</span> 
     </span>
     <span class='ocr_line' id='line_1_10' title="bbox 191 1563 1213 1650; baseline 0 -20"><span class='ocrx_word' id='word_1_62' title='bbox 191 1567 257 1630; x_wconf 91' lang='lat' dir='ltr'>sub</span> <span class='ocrx_word' id='word_1_63' title='bbox 281 1567 416 1630; x_wconf 90' lang='lat' dir='ltr'>nomine</span> <span class='ocrx_word' id='word_1_64' title='bbox 448 1564 568 1630; x_wconf 75' lang='lat' dir='ltr'>Volusi</span> <span class='ocrx_word' id='word_1_65' title='bbox 590 1563 761 1628; x_wconf 91' lang='lat' dir='ltr'>Catullum</span> <span class='ocrx_word' id='word_1_66' title='bbox 782 1566 1016 1650; x_wconf 75' lang='lat' dir='ltr'>perstringere</span> <span class='ocrx_word' id='word_1_67' title='bbox 1033 1565 1213 1633; x_wconf 84' lang='lat' dir='ltr'>Tanusium</span> 
     </span>
     <span class='ocr_line' id='line_1_11' title="bbox 192 1673 825 1741; baseline -0.006 0"><span class='ocrx_word' id='word_1_68' title='bbox 192 1675 372 1741; x_wconf 90' lang='lat' dir='ltr'>Geminum</span> <span class='ocrx_word' id='word_1_69' title='bbox 397 1673 616 1738; x_wconf 83' lang='lat' dir='ltr'>historiarum</span> <span class='ocrx_word' id='word_1_70' title='bbox 641 1679 825 1738; x_wconf 85' lang='lat' dir='ltr'>auctorem.</span> 
     </span>
    </p>

    <p class='ocr_par' dir='ltr' id='par_1_5' title="bbox 188 1763 1219 3568">
     <span class='ocr_line' id='line_1_12' title="bbox 282 1763 1216 1866; baseline 0.002 -20"><span class='ocrx_word' id='word_1_71' title='bbox 282 1783 324 1848; x_wconf 84' lang='grc' dir='ltr'>ΙΙ.</span> <span class='ocrx_word' id='word_1_72' title='bbox 347 1782 415 1845; x_wconf 90' lang='lat' dir='ltr'>Res</span> <span class='ocrx_word' id='word_1_73' title='bbox 441 1782 543 1866; x_wconf 84' lang='lat' dir='ltr'>igitur</span> <span class='ocrx_word' id='word_1_74' title='bbox 567 1781 614 1845; x_wconf 90' lang='lat' dir='ltr'>ita</span> <span class='ocrx_word' id='word_1_75' title='bbox 647 1800 683 1844; x_wconf 89' lang='lat' dir='ltr'>se</span> <span class='ocrx_word' id='word_1_76' title='bbox 715 1780 828 1845; x_wconf 89' lang='lat' dir='ltr'>habet.</span> <span class='ocrx_word' id='word_1_77' title='bbox 861 1779 934 1846; x_wconf 90' lang='lat' dir='ltr'>Non</span> <span class='ocrx_word' id='word_1_78' title='bbox 963 1780 1059 1848; x_wconf 91' lang='lat' dir='ltr'>modo</span> <span class='ocrx_word' id='word_1_79' title='bbox 1082 1784 1118 1848; x_wconf 91' lang='lat' dir='ltr'>in</span> <span class='ocrx_word' id='word_1_80' title='bbox 1141 1763 1216 1848; x_wconf 79' lang='lat' dir='ltr'>car-</span> 
     </span>
     <span class='ocr_line' id='line_1_13' title="bbox 189 1877 1209 1976; baseline 0 -21"><span class='ocrx_word' id='word_1_81' title='bbox 189 1893 283 1955; x_wconf 92' lang='lat' dir='ltr'>mine</span> <span class='ocrx_word' id='word_1_82' title='bbox 305 1888 350 1954; x_wconf 83' lang='lat'>95</span> <span class='ocrx_word' id='word_1_83' title='bbox 373 1887 442 1976; x_wconf 78' lang='lat' dir='ltr'>(ubi</span> <span class='ocrx_word' id='word_1_84' title='bbox 466 1887 621 1954; x_wconf 89' lang='lat' dir='ltr'>Catullus</span> <span class='ocrx_word' id='word_1_85' title='bbox 646 1888 694 1952; x_wconf 92' lang='lat' dir='ltr'>ait</span> <span class='ocrx_word' id='word_1_86' title='bbox 730 1889 859 1955; x_wconf 90' lang='lat' dir='ltr'>Cinnae</span> <span class='ocrx_word' id='word_1_87' title='bbox 885 1877 1016 1974; x_wconf 71' lang='lat' dir='ltr'>quide&#39;m</span> <span class='ocrx_word' id='word_1_88' title='bbox 1045 1889 1209 1976; x_wconf 89' lang='lat' dir='ltr'>epyllium</span> 
     </span>
     <span class='ocr_line' id='line_1_14' title="bbox 191 1995 1215 2085; baseline 0.001 -23"><span class='ocrx_word' id='word_1_89' title='bbox 191 1997 351 2079; x_wconf 56' lang='lat' dir='ltr'>Zeu-,uma</span> <span class='ocrx_word' id='word_1_90' title='bbox 373 1995 448 2060; x_wconf 83' lang='lat' dir='ltr'>fore</span> <span class='ocrx_word' id='word_1_91' title='bbox 473 2003 509 2059; x_wconf 92' lang='lat' dir='ltr'>ut</span> <span class='ocrx_word' id='word_1_92' title='bbox 533 1996 733 2085; x_wconf 87' lang='lat' dir='ltr'>ubicumque</span> <span class='ocrx_word' id='word_1_93' title='bbox 759 2002 928 2060; x_wconf 84' lang='lat' dir='ltr'>terrarum</span> <span class='ocrx_word' id='word_1_94' title='bbox 954 1997 1154 2074; x_wconf 89' lang='lat' dir='ltr'>innotescat,</span> <span class='ocrx_word' id='word_1_95' title='bbox 1180 2003 1215 2063; x_wconf 90' lang='lat' dir='ltr'>at</span> 
     </span>
     <span class='ocr_line' id='line_1_15' title="bbox 188 2102 1214 2188; baseline 0.001 -19"><span class='ocrx_word' id='word_1_96' title='bbox 188 2103 332 2170; x_wconf 82' lang='lat' dir='ltr'>annales</span> <span class='ocrx_word' id='word_1_97' title='bbox 357 2103 475 2170; x_wconf 90' lang='lat' dir='ltr'>Volusi</span> <span class='ocrx_word' id='word_1_98' title='bbox 500 2105 680 2168; x_wconf 89' lang='lat' dir='ltr'>morituros</span> <span class='ocrx_word' id='word_1_99' title='bbox 698 2123 770 2168; x_wconf 84' lang='lat' dir='ltr'>esse</span> <span class='ocrx_word' id='word_1_100' title='bbox 787 2102 829 2168; x_wconf 92' lang='lat' dir='ltr'>ad</span> <span class='ocrx_word' id='word_1_101' title='bbox 846 2104 953 2188; x_wconf 90' lang='lat' dir='ltr'>ipsam&#39;</span> <span class='ocrx_word' id='word_1_102' title='bbox 967 2103 1136 2181; x_wconf 84' lang='lat' dir='ltr'>Paduam,</span> <span class='ocrx_word' id='word_1_103' title='bbox 1156 2105 1214 2170; x_wconf 93' lang='lat' dir='ltr'>uhi</span> 
     </span>
     <span class='ocr_line' id='line_1_16' title="bbox 189 2199 1214 2297; baseline -0.002 -19"><span class='ocrx_word' id='word_1_104' title='bbox 189 2199 428 2278; x_wconf 49' lang='lat' dir='ltr'>nimirum&#39;rel</span> <span class='ocrx_word' id='word_1_105' title='bbox 453 2212 523 2276; x_wconf 91' lang='lat' dir='ltr'>nati</span> <span class='ocrx_word' id='word_1_106' title='bbox 546 2211 599 2274; x_wconf 85' lang='lat' dir='ltr'>vel</span> <span class='ocrx_word' id='word_1_107' title='bbox 624 2210 684 2274; x_wconf 90' lang='lat' dir='ltr'>alti</span> <span class='ocrx_word' id='word_1_108' title='bbox 708 2209 851 2297; x_wconf 82' lang='lat' dir='ltr'>fuerint)</span> <span class='ocrx_word' id='word_1_109' title='bbox 892 2209 951 2274; x_wconf 88' lang='lat' dir='ltr'>sed</span> <span class='ocrx_word' id='word_1_110' title='bbox 977 2211 1081 2276; x_wconf 88' lang='lat' dir='ltr'>multo</span> <span class='ocrx_word' id='word_1_111' title='bbox 1106 2212 1214 2297; x_wconf 86' lang='lat' dir='ltr'>magis</span> 
     </span>
     <span class='ocr_line' id='line_1_17' title="bbox 190 2317 1214 2404; baseline 0.001 -20"><span class='ocrx_word' id='word_1_112' title='bbox 190 2322 229 2384; x_wconf 91' lang='lat' dir='ltr'>in</span> <span class='ocrx_word' id='word_1_113' title='bbox 255 2320 403 2385; x_wconf 90' lang='lat' dir='ltr'>carmine</span> <span class='ocrx_word' id='word_1_114' title='bbox 427 2319 470 2384; x_wconf 81' lang='lat'>36</span> <span class='ocrx_word' id='word_1_115' title='bbox 494 2324 589 2404; x_wconf 91' lang='lat' dir='ltr'>poeta</span> <span class='ocrx_word' id='word_1_116' title='bbox 613 2317 785 2382; x_wconf 81' lang='lat' dir='ltr'>invehitur</span> <span class='ocrx_word' id='word_1_117' title='bbox 810 2320 844 2381; x_wconf 91' lang='lat' dir='ltr'>in</span> <span class='ocrx_word' id='word_1_118' title='bbox 875 2318 1052 2384; x_wconf 87' lang='lat' dir='ltr'>Volusium</span> <span class='ocrx_word' id='word_1_119' title='bbox 1076 2320 1214 2404; x_wconf 89' lang='lat' dir='ltr'>eiusque</span> 
     </span>
     <span class='ocr_line' id='line_1_18' title="bbox 191 2426 1219 2512; baseline -0.002 -19"><span class='ocrx_word' id='word_1_120' title='bbox 191 2428 375 2504; x_wconf 85' lang='lat' dir='ltr'>annuales,</span> <span class='ocrx_word' id='word_1_121' title='bbox 394 2447 475 2510; x_wconf 79' lang='lat' dir='ltr'>quos</span> <span class='ocrx_word' id='word_1_122' title='bbox 494 2430 527 2490; x_wconf 90' lang='lat' dir='ltr'>in</span> <span class='ocrx_word' id='word_1_123' title='bbox 544 2427 697 2491; x_wconf 86' lang='lat' dir='ltr'>versibus</span> <span class='ocrx_word' id='word_1_124' title='bbox 716 2426 825 2512; x_wconf 90' lang='lat' dir='ltr'>primo</span> <span class='ocrx_word' id='word_1_125' title='bbox 842 2431 875 2489; x_wconf 92' lang='lat' dir='ltr'>et</span> <span class='ocrx_word' id='word_1_126' title='bbox 890 2431 1057 2508; x_wconf 89' lang='lat' dir='ltr'>postremo</span> <span class='ocrx_word' id='word_1_127' title='bbox 1074 2427 1219 2512; x_wconf 85' lang='lat' dir='ltr'>appellat</span> 
     </span>
     <span class='ocr_line' id='line_1_19' title="bbox 192 2534 1215 2618; baseline 0 -18"><span class='ocrx_word' id='word_1_128' title='bbox 192 2540 350 2600; x_wconf 81' lang='lat' dir='ltr'>cuculum</span> <span class='ocrx_word' id='word_1_129' title='bbox 375 2535 545 2613; x_wconf 75' lang='lat' dir='ltr'>chartam,</span> <span class='ocrx_word' id='word_1_130' title='bbox 573 2536 606 2598; x_wconf 91' lang='lat' dir='ltr'>in</span> <span class='ocrx_word' id='word_1_131' title='bbox 632 2540 727 2598; x_wconf 83' lang='lat' dir='ltr'>sexto</span> <span class='ocrx_word' id='word_1_132' title='bbox 757 2539 789 2596; x_wconf 88' lang='lat' dir='ltr'>et</span> <span class='ocrx_word' id='word_1_133' title='bbox 823 2536 965 2618; x_wconf 88' lang='lat' dir='ltr'>septimo</span> <span class='ocrx_word' id='word_1_134' title='bbox 1002 2534 1215 2600; x_wconf 77' lang='lat' dir='ltr'>electissima</span> 
     </span>
     <span class='ocr_line' id='line_1_20' title="bbox 190 2641 1213 2728; baseline -0.003 -19"><span class='ocrx_word' id='word_1_135' title='bbox 190 2645 328 2726; x_wconf 65' lang='lat' dir='ltr'>scriptu</span> <span class='ocrx_word' id='word_1_136' title='bbox 346 2643 500 2728; x_wconf 78' lang='lat' dir='ltr'>pessimi</span> <span class='ocrx_word' id='word_1_137' title='bbox 516 2646 654 2726; x_wconf 73' lang='lat' dir='ltr'>poetae.</span> <span class='ocrx_word' id='word_1_138' title='bbox 693 2641 815 2718; x_wconf 84' lang='lat' dir='ltr'>Quare,</span> <span class='ocrx_word' id='word_1_139' title='bbox 844 2642 945 2706; x_wconf 91' lang='lat' dir='ltr'>sicuti</span> <span class='ocrx_word' id='word_1_140' title='bbox 970 2642 1047 2706; x_wconf 87' lang='lat' dir='ltr'>olim</span> <span class='ocrx_word' id='word_1_141' title='bbox 1072 2641 1213 2720; x_wconf 89' lang='lat' dir='ltr'>Ennius,</span> 
     </span>
     <span class='ocr_line' id='line_1_21' title="bbox 193 2748 1214 2834; baseline -0.003 -17"><span class='ocrx_word' id='word_1_142' title='bbox 193 2754 237 2817; x_wconf 93' lang='lat' dir='ltr'>L.</span> <span class='ocrx_word' id='word_1_143' title='bbox 264 2751 394 2828; x_wconf 81' lang='lat' dir='ltr'>Accius,</span> <span class='ocrx_word' id='word_1_144' title='bbox 418 2748 459 2814; x_wconf 79' lang='lat' dir='ltr'>A.</span> <span class='ocrx_word' id='word_1_145' title='bbox 478 2749 599 2815; x_wconf 88' lang='lat' dir='ltr'>Furius</span> <span class='ocrx_word' id='word_1_146' title='bbox 616 2750 738 2834; x_wconf 86' lang='lat' dir='ltr'>aliique</span> <span class='ocrx_word' id='word_1_147' title='bbox 756 2748 846 2834; x_wconf 89' lang='lat' dir='ltr'>apud</span> <span class='ocrx_word' id='word_1_148' title='bbox 862 2749 1032 2814; x_wconf 88' lang='lat' dir='ltr'>Romanos</span> <span class='ocrx_word' id='word_1_149' title='bbox 1048 2749 1214 2826; x_wconf 85' lang='lat' dir='ltr'>fecerunt,</span> 
     </span>
     <span class='ocr_line' id='line_1_22' title="bbox 191 2856 1217 2943; baseline -0.001 -21"><span class='ocrx_word' id='word_1_150' title='bbox 191 2861 241 2924; x_wconf 88' lang='lat' dir='ltr'>ita</span> <span class='ocrx_word' id='word_1_151' title='bbox 272 2857 435 2924; x_wconf 79' lang='lat' dir='ltr'>Volusius</span> <span class='ocrx_word' id='word_1_152' title='bbox 459 2877 589 2943; x_wconf 90' lang='lat' dir='ltr'>quoque</span> <span class='ocrx_word' id='word_1_153' title='bbox 613 2856 751 2921; x_wconf 85' lang='lat' dir='ltr'>videtur</span> <span class='ocrx_word' id='word_1_154' title='bbox 767 2859 919 2923; x_wconf 82' lang='lat' dir='ltr'>Annales</span> <span class='ocrx_word' id='word_1_155' title='bbox 935 2876 1004 2921; x_wconf 91' lang='lat' dir='ltr'>non</span> <span class='ocrx_word' id='word_1_156' title='bbox 1025 2876 1126 2942; x_wconf 88' lang='lat' dir='ltr'>prosa</span> <span class='ocrx_word' id='word_1_157' title='bbox 1144 2876 1217 2921; x_wconf 91' lang='lat' dir='ltr'>ora·</span> 
     </span>
     <span class='ocr_line' id='line_1_23' title="bbox 192 2963 1215 3049; baseline -0.004 -17"><span class='ocrx_word' id='word_1_158' title='bbox 192 2968 286 3032; x_wconf 91' lang='lat' dir='ltr'>tione</span> <span class='ocrx_word' id='word_1_159' title='bbox 309 2965 366 3030; x_wconf 91' lang='lat' dir='ltr'>sed</span> <span class='ocrx_word' id='word_1_160' title='bbox 389 2966 545 3030; x_wconf 88' lang='lat' dir='ltr'>versibus</span> <span class='ocrx_word' id='word_1_161' title='bbox 568 2963 776 3030; x_wconf 88' lang='lat' dir='ltr'>condidisse.</span> <span class='ocrx_word' id='word_1_162' title='bbox 804 2964 898 3035; x_wconf 87' lang='lat' dir='ltr'>Quod</span> <span class='ocrx_word' id='word_1_163' title='bbox 932 2965 1082 3049; x_wconf 90' lang='lat' dir='ltr'>sequitur</span> <span class='ocrx_word' id='word_1_164' title='bbox 1113 2984 1215 3047; x_wconf 91' lang='lat' dir='ltr'>quum</span> 
     </span>
     <span class='ocr_line' id='line_1_24' title="bbox 193 3070 1214 3158; baseline -0.002 -20"><span class='ocrx_word' id='word_1_165' title='bbox 193 3093 239 3138; x_wconf 81' lang='lat' dir='ltr'>err</span> <span class='ocrx_word' id='word_1_166' title='bbox 264 3072 454 3138; x_wconf 90' lang='lat' dir='ltr'>testimonio</span> <span class='ocrx_word' id='word_1_167' title='bbox 479 3071 603 3136; x_wconf 87' lang='lat' dir='ltr'>Catulli</span> <span class='ocrx_word' id='word_1_168' title='bbox 629 3071 669 3158; x_wconf 89' lang='lat' dir='ltr'>(is</span> <span class='ocrx_word' id='word_1_169' title='bbox 697 3077 795 3136; x_wconf 90' lang='lat' dir='ltr'>vocat</span> <span class='ocrx_word' id='word_1_170' title='bbox 820 3091 877 3136; x_wconf 91' lang='lat' dir='ltr'>eos</span> <span class='ocrx_word' id='word_1_171' title='bbox 901 3074 1036 3154; x_wconf 76' lang='lat' dir='ltr'>scripta</span> <span class='ocrx_word' id='word_1_172' title='bbox 1063 3070 1214 3157; x_wconf 78' lang='lat' dir='ltr'>poetae),</span> 
     </span>
     <span class='ocr_line' id='line_1_25' title="bbox 191 3177 1214 3263; baseline -0.003 -17"><span class='ocrx_word' id='word_1_173' title='bbox 191 3181 387 3246; x_wconf 79' lang='lat' dir='ltr'>tumetium</span> <span class='ocrx_word' id='word_1_174' title='bbox 412 3199 456 3244; x_wconf 82' lang='lat' dir='ltr'>ex</span> <span class='ocrx_word' id='word_1_175' title='bbox 481 3199 520 3245; x_wconf 90' lang='lat' dir='ltr'>eo</span> <span class='ocrx_word' id='word_1_176' title='bbox 542 3178 632 3263; x_wconf 90' lang='lat' dir='ltr'>qnod</span> <span class='ocrx_word' id='word_1_177' title='bbox 657 3179 691 3242; x_wconf 93' lang='lat' dir='ltr'>in</span> <span class='ocrx_word' id='word_1_178' title='bbox 727 3179 881 3242; x_wconf 93' lang='lat' dir='ltr'>carmine</span> <span class='ocrx_word' id='word_1_179' title='bbox 911 3177 955 3243; x_wconf 88' lang='lat'>95</span> <span class='ocrx_word' id='word_1_180' title='bbox 979 3177 1133 3246; x_wconf 84' lang='lat' dir='ltr'>Catullus</span> <span class='ocrx_word' id='word_1_181' title='bbox 1158 3198 1214 3243; x_wconf 90' lang='lat' dir='ltr'>eos</span> 
     </span>
     <span class='ocr_line' id='line_1_26' title="bbox 192 3285 1216 3373; baseline -0.001 -21"><span class='ocrx_word' id='word_1_182' title='bbox 192 3294 365 3373; x_wconf 88' lang='lat' dir='ltr'>comparat</span> <span class='ocrx_word' id='word_1_183' title='bbox 396 3307 470 3351; x_wconf 90' lang='lat' dir='ltr'>cum</span> <span class='ocrx_word' id='word_1_184' title='bbox 503 3286 628 3371; x_wconf 88' lang='lat' dir='ltr'>epyllio</span> <span class='ocrx_word' id='word_1_185' title='bbox 660 3285 790 3350; x_wconf 90' lang='lat' dir='ltr'>Cinnae</span> <span class='ocrx_word' id='word_1_186' title='bbox 832 3306 979 3372; x_wconf 87' lang='lat' dir='ltr'>cumque</span> <span class='ocrx_word' id='word_1_187' title='bbox 1013 3287 1216 3352; x_wconf 89' lang='lat' dir='ltr'>carminibus</span> 
     </span>
     <span class='ocr_line' id='line_1_27' title="bbox 190 3393 1213 3478; baseline -0.004 -18"><span class='ocrx_word' id='word_1_188' title='bbox 190 3394 376 3473; x_wconf 88' lang='lat' dir='ltr'>Hortensii;</span> <span class='ocrx_word' id='word_1_189' title='bbox 403 3395 555 3459; x_wconf 87' lang='lat' dir='ltr'>carmina</span> <span class='ocrx_word' id='word_1_190' title='bbox 579 3393 666 3457; x_wconf 89' lang='lat' dir='ltr'>enim</span> <span class='ocrx_word' id='word_1_191' title='bbox 691 3412 765 3458; x_wconf 91' lang='lat' dir='ltr'>cum</span> <span class='ocrx_word' id='word_1_192' title='bbox 790 3393 997 3458; x_wconf 85' lang='lat' dir='ltr'>carminibus</span> <span class='ocrx_word' id='word_1_193' title='bbox 1021 3393 1213 3478; x_wconf 88' lang='lat' dir='ltr'>comparari</span> 
     </span>
     <span class='ocr_line' id='line_1_28' title="bbox 188 3501 324 3568; baseline -0.007 0"><span class='ocrx_word' id='word_1_194' title='bbox 188 3501 324 3568; x_wconf 86' lang='lat' dir='ltr'>volunt.</span> 
     </span>
    </p>

    <p class='ocr_par' dir='ltr' id='par_1_6' title="bbox 192 3609 1322 4128">
     <span class='ocr_line' id='line_1_29' title="bbox 282 3609 1214 3696; baseline 0 -22"><span class='ocrx_word' id='word_1_195' title='bbox 282 3611 340 3675; x_wconf 88' lang='grc' dir='ltr'><strong>ΙΙΙ.</strong></span> <span class='ocrx_word' id='word_1_196' title='bbox 367 3611 550 3685; x_wconf 86' lang='lat' dir='ltr'>Quaeritur</span> <span class='ocrx_word' id='word_1_197' title='bbox 583 3629 673 3676; x_wconf 93' lang='lat' dir='ltr'>nunc</span> <span class='ocrx_word' id='word_1_198' title='bbox 710 3614 784 3696; x_wconf 83' lang='lat' dir='ltr'>quis</span> <span class='ocrx_word' id='word_1_199' title='bbox 820 3609 927 3675; x_wconf 84' lang='lat' dir='ltr'>fuerit</span> <span class='ocrx_word' id='word_1_200' title='bbox 955 3609 1114 3677; x_wconf 89' lang='lat' dir='ltr'>Volusius</span> <span class='ocrx_word' id='word_1_201' title='bbox 1141 3609 1214 3686; x_wconf 88' lang='lat' dir='ltr'>iste,</span> 
     </span>
     <span class='ocr_line' id='line_1_30' title="bbox 192 3711 1218 3803; baseline -0.003 -20"><span class='ocrx_word' id='word_1_202' title='bbox 192 3717 345 3800; x_wconf 88' lang='lat' dir='ltr'>aequalis</span> <span class='ocrx_word' id='word_1_203' title='bbox 370 3718 504 3795; x_wconf 87' lang='lat' dir='ltr'>Catulli,</span> <span class='ocrx_word' id='word_1_204' title='bbox 541 3717 700 3781; x_wconf 87' lang='lat' dir='ltr'>carminis</span> <span class='ocrx_word' id='word_1_205' title='bbox 733 3711 817 3803; x_wconf 84' lang='lat' dir='ltr'>epici</span> <span class='ocrx_word' id='word_1_206' title='bbox 852 3722 984 3792; x_wconf 89' lang='lat' dir='ltr'>auctor,</span> <span class='ocrx_word' id='word_1_207' title='bbox 1011 3736 1107 3800; x_wconf 89' lang='lat' dir='ltr'>quem</span> <span class='ocrx_word' id='word_1_208' title='bbox 1139 3735 1218 3780; x_wconf 89' lang='lat' dir='ltr'>nus-</span> 
     </span>
     <span class='ocr_line' id='line_1_31' title="bbox 193 3823 1322 3912; baseline 0.002 -25"><span class='ocrx_word' id='word_1_209' title='bbox 193 3843 294 3908; x_wconf 88' lang='lat' dir='ltr'>quam</span> <span class='ocrx_word' id='word_1_210' title='bbox 330 3832 507 3909; x_wconf 90' lang='lat' dir='ltr'>praeterea</span> <span class='ocrx_word' id='word_1_211' title='bbox 543 3829 762 3888; x_wconf 88' lang='lat' dir='ltr'>memoratum</span> <span class='ocrx_word' id='word_1_212' title='bbox 799 3823 1008 3900; x_wconf 89' lang='lat' dir='ltr'>invenimus,</span> <span class='ocrx_word' id='word_1_213' title='bbox 1041 3824 1162 3909; x_wconf 88' lang='lat' dir='ltr'>quique</span> <span class='ocrx_word' id='word_1_214' title='bbox 1186 3824 1217 3889; x_wconf 89' lang='lat' dir='ltr'>ei</span> <span class='ocrx_word' id='word_1_215' title='bbox 1320 3907 1322 3912; x_wconf 68' lang='lat'>,</span> 
     </span>
     <span class='ocr_line' id='line_1_32' title="bbox 193 3930 1218 4016; baseline 0 -20"><span class='ocrx_word' id='word_1_216' title='bbox 193 3931 255 3996; x_wconf 91' lang='lat' dir='ltr'>uni</span> <span class='ocrx_word' id='word_1_217' title='bbox 279 3932 335 4016; x_wconf 88' lang='lat' dir='ltr'>qui</span> <span class='ocrx_word' id='word_1_218' title='bbox 359 3938 426 3998; x_wconf 91' lang='lat' dir='ltr'>tam</span> <span class='ocrx_word' id='word_1_219' title='bbox 451 3933 537 3998; x_wconf 87' lang='lat' dir='ltr'>male</span> <span class='ocrx_word' id='word_1_220' title='bbox 562 3953 635 3996; x_wconf 92' lang='lat' dir='ltr'>eum</span> <span class='ocrx_word' id='word_1_221' title='bbox 655 3932 812 3996; x_wconf 91' lang='lat' dir='ltr'>mulcavit</span> <span class='ocrx_word' id='word_1_222' title='bbox 839 3930 1011 3995; x_wconf 85' lang='lat' dir='ltr'>infelicem</span> <span class='ocrx_word' id='word_1_223' title='bbox 1038 3930 1218 3997; x_wconf 88' lang='lat' dir='ltr'>celebrita-</span> 
     </span>
     <span class='ocr_line' id='line_1_33' title="bbox 194 4038 1217 4128; baseline 0.003 -22"><span class='ocrx_word' id='word_1_224' title='bbox 194 4046 264 4106; x_wconf 89' lang='lat' dir='ltr'>tem</span> <span class='ocrx_word' id='word_1_225' title='bbox 289 4039 413 4105; x_wconf 91' lang='lat' dir='ltr'>debere</span> <span class='ocrx_word' id='word_1_226' title='bbox 436 4040 581 4108; x_wconf 81' lang='lat' dir='ltr'>ridetur.</span> <span class='ocrx_word' id='word_1_227' title='bbox 609 4042 705 4106; x_wconf 90' lang='lat' dir='ltr'>Nunc</span> <span class='ocrx_word' id='word_1_228' title='bbox 729 4059 812 4105; x_wconf 84' lang='lat' dir='ltr'>vero</span> <span class='ocrx_word' id='word_1_229' title='bbox 837 4039 965 4106; x_wconf 79' lang='lat' dir='ltr'>Seneca</span> <span class='ocrx_word' id='word_1_230' title='bbox 990 4040 1093 4128; x_wconf 76' lang='lat' dir='ltr'>epist.</span> <span class='ocrx_word' id='word_1_231' title='bbox 1128 4038 1217 4119; x_wconf 89' lang='grc'><strong>93,9</strong></span> 
     </span>
    </p>
   </div>
   <div class='ocr_carea' id='block_1_5' title="bbox 0 0 1588 5104">
    <p class='ocr_par' dir='ltr' id='par_1_7' title="bbox 0 0 1588 5104">
     <span class='ocr_line' id='line_1_34' title="bbox 0 0 1588 5104; baseline 0 0"><span class='ocrx_word' id='word_1_232' title='bbox 0 0 1588 5104; x_wconf 95' lang='lat' dir='ltr'> </span> 
     </span>
    </p>
   </div>
  </div>
 </body>
</html>
