3046 5096
451 391 486 450 86
773 409 809 451 an
827 411 928 452 cirrum
947 393 990 459 23,
1004 394 1071 460 17‚7

416 518 588 607 egregiam
612 517 670 586 illa
693 525 889 606 tempestate
914 520 1097 586 exhibitam
1113 522 1272 585 virtutem
1290 520 1415 586 futurus

416 627 513 692 brevi
552 624 824 693 extraordinario
862 629 935 692 iure
968 625 1163 713 proconsul:
1208 626 1254 692 cf.
1293 627 1415 692 Livium

418 713 603 819 23,ld,l9),
633 732 720 798 Nola
744 740 794 800 est
816 735 960 821 primum
984 739 1117 799 retenta
1141 735 1176 798 in
1208 732 1272 798 fide
1303 733 1414 820 (tirius

416 837 541 926 md),
572 839 691 905 deinde
714 839 908 907 felicissima
938 840 1106 905 industria
1129 846 1249 906 contra
1285 839 1415 905 Cartha·

415 948 587 1031 ginienses
612 947 753 1015 defensa
778 947 902 1036 (Livius
926 947 1029 1025 23‚15
1047 953 1080 1014 et
1097 946 1166 1034 16);
1184 954 1255 1012 tum
1271 947 1413 1032 Neapolis

417 1055 546 1121 frustra
571 1062 622 1121 est
645 1061 804 1141 temptata
827 1056 869 1122 ab
893 1056 1083 1121 Hannibale
1109 1053 1242 1144 (Livius
1263 1053 1412 1140 23‚15‚l),

416 1161 573 1240 Nuceria,
590 1161 815 1248 nequidquam
831 1165 873 1229 ab
890 1164 985 1228 host'e
1002 1162 1044 1228 ad
1061 1162 1287 1228 defectionem
1303 1161 1415 1228 sollici-

416 1275 498 1350 tata,
525 1270 614 1336 fame
638 1271 864 1337 tantummodo
900 1272 973 1357 capi
1008 1272 1114 1357 potuit
1150 1267 1413 1357 (Livius-mos),

416 1384 586 1464 postremo
609 1378 760 1444 Acerrae
784 1397 856 1444 eam
879 1377 977 1443 fidem
993 1380 1235 1464 praestiterunt
1251 1376 1412 1450 Romania,

416 1493 454 1562 ut
492 1505 593 1573 quum
629 1487 701 1552 sine
738 1487 850 1552 fructu
886 1485 928 1551 ad
963 1487 1188 1552 volontariam
1226 1485 1414 1552 deditionem

415 1595 675 1682 perlicerentur,
698 1595 733 1659 vi
761 1593 891 1660 demum
926 1595 1034 1660 victae
1070 1593 1268 1659 ceciderint.
1296 1592 1413 1681 (Livius

415 1702 542 1788 23‚17).
568 1704 663 1779 Quae
687 1703 809 1780 omnia,
835 1704 885 1767 uti
908 1722 1009 1787 supra
1033 1703 1227 1776 manebam,
1253 1721 1349 1784 quum
1371 1701 1415 1762 in·

416 1808 636 1874 clinationem
660 1810 828 1874 sociorum
851 1809 1047 1896 populorum
1082 1811 1117 1874 in
1148 1808 1261 1874 hostes
1284 1807 1412 1872 Romani

415 1916 547 2002 imperii
570 1916 605 1978 in
629 1916 813 2001 Campania
837 1918 898 1982 sub
921 1908 1076 1981 nuntium
1110 1917 1297 1984 Cannensis
1322 1912 1415 1979 cladis

415 2027 567 2088 exortam
602 2023 750 2108 apprime
787 2029 969 2094 testantur.
997 2030 1066 2088 tum
1100 2043 1182 2088 vero
1216 2042 1283 2087 non
1317 2021 1415 2085 minus

416 2136 582 2194 testantur
616 2132 870 2196 conversionem
907 2132 1050 2195 subitam
1087 2131 1292 2206 animorum,
1328 2147 1413 2212 quae,

416 2236 693 2303 abalienationem
723 2239 817 2302 illam
848 2237 938 2303 haud
963 2237 1081 2302 claudo
1116 2237 1198 2322 pede
1235 2239 1413 2306 subsecuta,

416 2343 603 2428 Campanos
627 2364 646 2409 a
673 2345 1007 2429 Carthaginiensium
1032 2344 1201 2411 dominatu
1226 2365 1359 2410 aversos
1381 2339 1415 2404 ad

415 2450 593 2538 pristinam
618 2452 889 2519 consuetudinem
914 2451 1182 2537 desideriumque
1205 2458 1355 2517 veterum
1370 2448 1416 2514 do·

333 2585 334 2588 ¹
415 2558 583 2623 minorum
607 2560 728 2625 iterum
751 2562 929 2626 convertit.

461 2663 557 2730 Nunc
582 2668 729 2751 quoiam
746 2688 817 2732 rem
835 2667 1036 2732 deducturus
1053 2670 1115 2732 sim
1132 2667 1306 2752 intelligis:
1326 2685 1413 2754 quum
1493 2753 1494 2756 Ἴ

416 2775 506 2838 enim
525 2773 610 2839 haec
627 2776 674 2840 ita
692 2795 728 2841 se
745 2796 781 2841 se
797 2776 953 2855 babeant,
972 2797 1084 2842 nonne
1101 2777 1205 2842 sentis
1228 2776 1412 2862 particulam

415 2879 508 2946 illam
532 2900 670 2966 quoque
693 2883 887 2968 significare
905 2883 1008 2950 fuisse
1026 2886 1060 2948 in
1077 2884 1256 2971 Campania
1273 2884 1413 2949 civitates

415 2987 585 3073 quasdam,
612 3010 693 3076 quas
716 2996 790 3074 post
814 2998 968 3076 acceptos
1004 2993 1094 3057 intra
1123 2993 1257 3057 moenia
1288 2990 1414 3056 Cartha-

416 3094 592 3180 ginienses
616 3096 697 3161 facti
720 3100 935 3182 poenituerit,
963 3119 1114 3184 quaeque
1139 3099 1243 3184 igitur
1260 3100 1320 3163 sub
1342 3116 1414 3162 nun·

415 3205 498 3268 tium
522 3205 859 3292 appropinquantium
884 3209 1094 3273 exercituum
1118 3207 1346 3274 Romanorum
1368 3226 1414 3270 co·

415 3321 516 3379 natae
541 3335 600 3400 pro
622 3315 714 3380 virili
739 3317 806 3386 sint
828 3324 922 3403 parte
947 3323 1064 3383 contra
1088 3317 1298 3402 alienigenas
1322 3315 1413 3381 hfros

382 3401 471 3485 'res
494 3420 632 3486 moliri?
656 3419 815 3488 Arbitror
846 3424 976 3489 semro
1014 3422 1116 3511 (finge
1151 3427 1211 3490 tori
1247 3427 1353 3492 armo
1382 3442 1412 3488 rr

415 3528 529 3594 omnia
553 3547 638 3614 quae
662 3535 740 3595 tunc
764 3529 959 3598 acciderunt
975 3531 1338 3618 quaequesingillatim
1353 3550 1411 3596 non

416 3642 467 3702 est
489 3635 601 3702 Livius
626 3642 838 3724 persecutus)
863 3641 968 3705 verba
991 3641 1077 3707 Livii
1102 3642 1169 3708 huc
1192 3641 1323 3710 demum
1339 3641 1413 3707 reci·

417 3740 512 3828 dere:
540 3744 575 3810 in
599 3746 826 3831 compluribus
852 3749 1054 3832 Campaniae
1079 3749 1162 3817 locis
1199 3757 1289 3817 ortos
1323 3751 1412 3815 fuisse
1487 3811 1488 3816 ,

417 3851 535 3913 contra
560 3852 859 3939 Carthaginienses
883 3861 1001 3935 motus,
1027 3858 1146 3942 quibus
1176 3859 1277 3924 rebus
1301 3875 1414 3945 permo-

417 3959 486 4022 tum
523 3963 556 4021 et
589 3960 823 4042 perturbatum
858 3961 1084 4030 Hannibalem
1124 3966 1270 4051 coepisse
1307 3983 1413 4050 magno

416 4079 518 4152 opere
542 4065 663 4145 vereri,
694 4088 737 4133 ne
770 4069 902 4156 Capuae
934 4091 1063 4157 quoque
1092 4069 1207 4140 seditio
1243 4069 1348 4141 fieret.
1373 4071 1414 4138 Si·
