3046 5096
311 505 314 511 .
399 473 436 515 nn
456 472 593 514 rorrmus
610 469 669 513 rrrr
688 472 748 514 mvr
767 457 889 526 21,1-20
1074 457 1110 516 65

135 587 243 675 legati
257 593 327 653 tum
343 587 437 652 missi
453 586 591 653 fuerunt
608 602 706 672 quum
721 584 909 652 Hannibale
925 603 1152 674 aggressurus

131 715 215 761 sane
231 702 318 762 esset
335 695 528 779 Saguntum,
543 693 601 758 sed
614 692 758 760 nondum
776 712 968 780 aggressus
984 694 1039 780 qui
1054 694 1148 759 Han-

130 803 227 868 nibal
245 807 334 868 esset
351 802 458 888 igitur
475 799 650 867 foederum
675 800 913 878 admonendus,
935 801 1054 866 nonin
1071 820 1149 888 poe·

128 929 208 974 nam
231 908 454 996 deposcendus
471 909 558 995 rupti
575 907 732 986 foederis,
752 928 852 994 quum
868 907 982 974 foedus
998 908 1146 974 nondum

128 1023 262 1103 ruptum
287 1015 397 1103 esset).
420 1015 491 1101 Ego
515 1036 608 1092 vero,
636 1035 835 1101 quamquam
859 1017 991 1102 priores
1016 1017 1144 1104 legatos

127 1124 256 1190 missos
270 1125 387 1191 Livius
412 1123 550 1208 exponit
567 1122 695 1200 aaa&
715 1123 838 1190 alteros
874 1122 1003 1202 2l,18,l
1037 1144 1142 1211 seqq..

127 1231 177 1296 sic
212 1238 325 1297 tamen
349 1230 459 1296 iudico
484 1230 659 1315 utriusque
681 1230 863 1316 legationis
887 1249 1006 1297 causas
1025 1237 1143 1296 entare

126 1339 214 1425 apud
240 1339 367 1404 Livium
392 1339 426 1404 iu
452 1357 519 1402 uno
544 1338 615 1403 loco
640 1337 737 1415 21‚6.
762 1337 932 1422 Siquidem
956 1339 1002 1403 ait
1025 1340 1143 1406 Livius

126 1443 234 1522 2t,6:
262 1468 280 1504 (ι
303 1465 377 1510 oum
408 1445 526 1530 legatis
553 1443 587 1507 in
618 1451 766 1510 senatum
804 1444 1000 1511 introductis
1032 1445 1071 1512 (16
1104 1431 1146 1514 66
1239 1441 1240 1446 ’

128 1576 147 1611 u
173 1551 307 1638 publiea
329 1551 534 1629 retulissent,
559 1551 806 1637 placuissetque
830 1553 915 1618 mitti
950 1553 1081 1638 legatos
1106 1553 1141 1618 in

132 1682 150 1717 «
174 1659 370 1744 Hispaniam
395 1656 436 1725 ad
459 1677 514 1722 res
531 1658 697 1721 sociorum
716 1657 949 1743 inspiciendas,
966 1658 1095 1744 quibus,
1114 1658 1142 1724 si

132 1791 150 1826 «
173 1765 348 1830 videretur
366 1764 467 1849 digna
481 1783 593 1839 causa,
615 1769 648 1828 et
662 1763 856 1830 Hannibali
879 1765 1138 1844 denuntiarent,

130 1896 148 1930 a
174 1877 213 1936 at
225 1871 269 1938 ab
282 1871 501 1954 Saguntinis,
513 1871 754 1955 sociispopati
765 1871 926 1949 Romani,
937 1870 1140 1950 abstineret,

133 2002 151 2038 «
175 1984 207 2046 et
221 1977 474 2063 Carthaginem
487 1978 526 2044 in
538 1977 701 2063 Africani
715 1979 903 2063 traicerent
916 1981 1141 2047 aosociorarn

133 2106 148 2148 s
167 2085 710 2171 popatilioaianiqaeriaronias
724 2086 960 2172 deferrent-
972 2085 1038 2153 hac
1051 2087 1141 2170 lega·

131 2216 149 2253 a
173 2194 264 2258 tione
286 2192 422 2260 decreta
446 2192 587 2258 necdum
612 2194 725 2270 missa,
752 2195 898 2259 omnium
923 2194 1139 2279 specalerius

130 2326 148 2361 a
172 2301 356 2386 Saguntum
374 2303 560 2388 oppugnari
577 2299 722 2368 adlatum
740 2306 800 2370 est.
814 2302 908 2368 Tunc
920 2300 1027 2366 relata
1041 2301 1080 2368 de
1094 2301 1141 2366 in·

129 2433 146 2469 (
171 2415 267 2496 tegre
285 2428 340 2474 res
357 2407 399 2484 ad
416 2407 573 2476 Senatum
592 2456 720 2478 .......
739 2408 908 2496 legatique
925 2429 964 2474 eo
977 2410 1139 2474 maturius

126 2539 144 2574 «
170 2516 271 2594 missi,
288 2517 325 2582 P.
343 2516 501 2584 Valerius
517 2517 658 2584 Flaccus
675 2521 708 2582 et
724 2518 763 2594 Q.
777 2517 920 2584 Baebius
934 2517 1136 2601 Tamphilus

128 2647 145 2680 ‹<
173 2621 359 2709 Saguntum
375 2622 416 2688 ad
432 2623 657 2690 Hannibalem
674 2617 775 2708 atque
792 2621 869 2688 inde
887 2622 1138 2710 Carthaginem,

130 2756 148 2790 a
173 2731 206 2795 si
227 2749 300 2798 aaa
323 2731 553 2822 absisteretur
588 2732 673 2798 betto
710 2733 758 2796 ad
792 2732 913 2797 dacem
949 2733 1067 2816 apsari
1102 2732 1139 2797 in

127 2858 317 2922 «poenam
340 2839 500 2922 foederis
528 2841 629 2925 rapti
663 2839 930 2924 deposcendum.
960 2865 977 2901 »
1013 2839 1139 2905 Confer

127 2965 202 3011 cum
225 2948 339 3012 verbis
356 2946 454 3026 Livii,
472 2966 557 3033 quae
574 2948 809 3031 antesignavi,
828 2947 900 3011 Pol.
918 2945 1039 3025 3,15‚5;
1060 2966 1133 3011 cum

127 3054 243 3119 verbis
261 3052 334 3118 Livi
349 3074 434 3140 quae
451 3061 565 3141 postea
582 3053 716 3140 signavi
732 3053 803 3118 Pol.
820 3053 944 3132 3,20‚8‚
960 3059 993 3118 et
1009 3053 1136 3119 videbis

127 3179 247 3226 causas
263 3161 438 3246 utriusque
451 3161 630 3246 legationis
647 3161 827 3226 mittendae
845 3165 1022 3247 utrumque
1038 3161 1140 3226 histo·

125 3269 235 3336 ricum
252 3268 385 3335 easdem
402 3267 534 3336 afferre.
553 3266 598 3357 (1)
616 3269 654 3334 In
666 3269 729 3334 hoc
742 3274 852 3334 autem
867 3268 999 3335 fallitur
1012 3269 1136 3346 Livius,

126 3375 223 3462 quod,
248 3395 334 3463 quae
358 3360 462 3442 causa
483 3374 546 3440 fuit
569 3377 691 3463 prioris
708 3375 884 3463 legationis
902 3377 1043 3453 missae,
1062 3397 1137 3444 eam

127 3483 237 3550 credit
261 3483 367 3550 fuisse
390 3483 569 3569 legationis
597 3481 766 3552 cuiusdam
803 3486 965 3551 decretae
995 3484 1135 3573 quidem,

127 3591 189 3657 sed
214 3611 281 3657 non
305 3592 451 3658 missae:
484 3611 548 3675 quo
580 3609 698 3656 errore
732 3592 838 3657 semel
871 3590 1015 3656 admisso
1050 3590 1135 3655 alius

126 3699 267 3784 insuper
290 3698 484 3766 necessario
502 3704 698 3766 consecutus
722 3704 774 3764 est
799 3717 906 3774 error,
925 3703 963 3762 ut
977 3697 1135 3766 nimirum

163 3962 202 4034 (1)
223 3961 341 4016 Causam
359 3961 460 4033 prioris
478 3961 564 4016 habas
582 3965 611 4015 et
630 3961 702 4031 apud
721 3959 875 4032 Appianum
886 3962 930 4016 Ie.
944 3959 994 4017 Xl.
1009 3959 1136 4018 Alterius

125 4052 203 4124 apud
223 4051 294 4122 App.
314 4051 359 4106 Ib.
376 4050 450 4117 11111,
469 4050 585 4108 Dionem
608 4051 736 4108 Cassium
761 4052 873 4122 (fragm.
897 4053 960 4119 55‚9
982 4054 1016 4108 ed
1040 4053 1135 4124 Diod),

124 4145 155 4199 et
175 4141 274 4196 Zonar.
294 4137 367 4208 11111,
379 4141 424 4199 22.
887 4152 890 4160 ¹

1027 4269 1045 4322 5
