3046 5096
254 411 257 417 ’
370 410 421 482 102
586 411 591 421 ’
695 427 731 466 uo
750 429 852 468 nrvruu
872 409 916 478 ⁴23,
930 409 997 476 32‚i

334 542 516 607 bandorum
535 540 700 605 haberent
722 540 841 604 summi
866 541 916 602 rei
944 539 1100 625 publicae
1130 539 1357 622 magistratus

335 649 475 733 imperio
510 647 704 725 ornati,'id
736 653 786 712 ost
818 647 975 712 consules
1012 651 1092 711 anta
1116 646 1202 710 aiios
1234 665 1357 718 omnes

335 756 551 840 magistratus
575 753 631 841 (cf.
657 753 783 820 Livium
808 755 945 834 22,38,1
965 759 998 818 ot
1022 751 1170 840 passim),
1189 753 1267 818 hino
1293 740 1358 817 sa-

335 865 458 948 quitur‚
484 863 541 927 uhi
566 862 718 927 historici
743 862 830 926 nihil
855 861 1053 950 admonent,
1080 859 1236 925 consules
1261 862 1355 945 ipsos

334 992 395 1057 pro
421 991 479 1035 suo
505 990 632 1034 summo
650 969 682 1033 id
698 971 770 1033 iure
787 970 908 1053 egisse,
926 969 1126 1054 praesertim
1144 987 1225 1032 vero
1244 969 1272 1032 si
1289 968 1351 1030 mi·

336 1080 409 1143 lites
438 1079 494 1162 qui
530 1082 631 1142 erant
654 1074 821 1148 scribendi
851 1075 913 1139 sub
937 1076 1015 1160 ipsis
1040 1074 1236 1162 oonsulibus
1260 1073 1354 1138 mili·

337 1186 440 1250 taturi
465 1184 587 1250 forent.
614 1183 789 1270 Intelligas
818 1203 898 1270 ergo
923 1189 1058 1248 nostros
1082 1181 1221 1246 volones
1239 1201 1256 1246 a
1274 1201 1358 1246 ron·

338 1292 465 1357 sulihus
489 1293 617 1359 Romae
648 1291 756 1356 lectos
781 1291 907 1368 fuisse,
933 1290 1225 1375 existimabimus,
1251 1309 1354 1374 quum

335 1396 432 1484 'legas
457 1399 491 1462 in
516 1399 587 1464 loco
612 1398 695 1480 Livii
721 1417 817 1483 quem
842 1399 996 1463 ultimum
1021 1396 1118 1462 attuli
1139 1395 1355 1483 (23,32‚13):

340 1532 357 1566 ‹<
375 1507 418 1572 Et
430 1507 558 1571 Romae
572 1505 728 1572 consulas
747 1507 938 1572 transactis
952 1504 1070 1581 rebua,
1091 1521 1181 1588 quoe
1205 1504 1242 1567 io
1268 1508 1360 1566 urbe

342 1614 532 1702 «ayeudoe
556 1619 670 1689 eruut,
697 1613 884 1678 movebant
900 1613 965 1677 iam
990 1632 1063 1676 soso
1089 1637 1105 1670 «
1125 1611 1165 1675 ad
1190 1610 1315 1675 bollum
1334 1633 1354 1666 »

339 1723 505 1796 consules
532 1720 572 1785 de
589 1739 691 1797 more,
710 1726 782 1805 post
798 1720 964 1806 auspicia,
984 1726 1057 1803 post
1082 1723 1233 1783 senatum
1258 1717 1360 1780 hahi-

341 1831 419 1906 tom‚
444 1835 516 1915 post
539 1828 719 1894 euerritur
742 1829 913 1910 scriptos,
939 1831 1010 1912 post
1038 1826 1175 1890 Latinas
1199 1822 1356 1900 indictas,

276 1932 278 1942 '
340 1944 413 2024 post
436 1935 588 2023 prodigia
613 1944 803 2022 procurata,
824 1940 894 2022 post
910 1935 1038 2020 legatos
1056 1941 1250 1999 exterarum
1274 1952 1360 2016 gen·

343 2046 424 2109 tium
449 2044 483 2108 in
509 2043 633 2109 Senatu
659 2043 800 2120 auditos,
825 2043 957 2127 aiiaque
982 2043 1078 2128 plura
1103 2042 1135 2107 id
1160 2060 1272 2126 genus,
1297 2061 1374 2104 au-.

342 2153 468 2239 spicato
492 2151 661 2237 profectos
687 2152 722 2214 in
747 2150 945 2234 Capitolium
966 2150 1008 2215 ad
1024 2155 1101 2214 vota
1118 2147 1358 2234 nuncupanda,

343 2259 516 2344 paludatus
541 2257 617 2322 inde
643 2277 717 2322 cum
742 2258 918 2324 lictoribus
943 2259 976 2321 in
1001 2277 1094 2322 suam
1117 2240 1265 2343 quisquo
1279 2275 1362 2340 pro-

344 2368 490 2431 vinciam
516 2385 551 2429 so
576 2364 774 2430 contulisse:
799 2367 919 2450 quihus
944 2364 984 2430 do
1008 2365 1109 2429 robus
1128 2365 1258 2451 plenius
1275 2363 1360 2427 alibi

344 2473 498 2538 disserui.
524 2471 571 2558 (i)

343 2645 554 2664 ....--.----i-‹

1374 2669 1401 2700 l

381 2761 420 2829 tl)
440 2762 484 2814 Cf.
505 2762 570 2830 Cup.
590 2760 623 2815 11.
644 2779 724 2815 meaa
749 2760 857 2831 opellae
877 2761 922 2816 cui
942 2761 1056 2816 titulus:
1082 2781 1099 2812 «
1119 2760 1199 2814 Dalla
1222 2759 1363 2827 battaglia

345 2869 362 2903 ‹<
381 2849 457 2906 daila
475 2850 597 2905 Trebbia
616 2869 632 2905 a
652 2850 746 2922 qrralla
774 2851 819 2904 del
847 2851 1018 2904 Trasimeno.
1045 2851 1191 2913 Quostioni
1219 2851 1246 2909 di
1272 2849 1364 2904 storia

348 2961 359 2991 o
381 2939 546 2995 Romana.»
